<?xml version="1.0" encoding="UTF-8"?>
<!DOCTYPE html PUBLIC "-//W3C//DTD XHTML 1.0 Transitional//EN"
    "http://www.w3.org/TR/xhtml1/DTD/xhtml1-transitional.dtd">
<html xmlns="http://www.w3.org/1999/xhtml" xml:lang="en" lang="en">
 <head>
  <title>
</title>
<meta http-equiv="Content-Type" content="text/html;charset=utf-8" />
  <meta name='ocr-system' content='tesseract 3.04.00' />
  <meta name='ocr-capabilities' content='ocr_page ocr_carea ocr_par ocr_line ocrx_word'/>
</head>
<body>
  <div class='ocr_page' id='page_1' title='image "./thesaurusresolut34cath_0064.png"; bbox 0 0 2035 2969; ppageno 0'>
   <div class='ocr_carea' id='block_1_1' title="bbox 474 190 1891 2673">
    <p class='ocr_par' dir='ltr' id='par_1_1' title="bbox 555 190 604 226">
     <span class='ocr_line' id='line_1_1' title="bbox 555 190 604 226; baseline -0.082 0"><span class='ocrx_word' id='word_1_1' title='bbox 555 190 604 226; x_wconf 68' lang='lat'>52</span> 
     </span>
    </p>

    <p class='ocr_par' dir='ltr' id='par_1_2' title="bbox 503 229 1891 648">
     <span class='ocr_line' id='line_1_2' title="bbox 503 229 1882 290; baseline 0.008 -20"><span class='ocrx_word' id='word_1_2' title='bbox 503 229 570 272; x_wconf 78' lang='lat' dir='ltr'>Ad</span> <span class='ocrx_word' id='word_1_3' title='bbox 587 237 670 273; x_wconf 84' lang='lat' dir='ltr'>haec</span> <span class='ocrx_word' id='word_1_4' title='bbox 684 257 697 279; x_wconf 78' lang='lat'><strong>‚</strong></span> <span class='ocrx_word' id='word_1_5' title='bbox 719 233 863 274; x_wconf 84' lang='lat' dir='ltr'>nesciri</span> <span class='ocrx_word' id='word_1_6' title='bbox 878 244 956 283; x_wconf 88' lang='lat' dir='ltr'>qua</span> <span class='ocrx_word' id='word_1_7' title='bbox 970 232 1062 282; x_wconf 87' lang='lat' dir='ltr'>lege</span> <span class='ocrx_word' id='word_1_8' title='bbox 1075 234 1159 272; x_wconf 81' lang='lat' dir='ltr'>haec</span> <span class='ocrx_word' id='word_1_9' title='bbox 1176 232 1345 283; x_wconf 85' lang='lat' dir='ltr'>largitio</span> <span class='ocrx_word' id='word_1_10' title='bbox 1374 236 1603 287; x_wconf 66' lang='lat' dir='ltr'>antiquitus</span> <span class='ocrx_word' id='word_1_11' title='bbox 1621 242 1882 290; x_wconf 58' lang='lat' dir='ltr'>praescripta,</span> 
     </span>
     <span class='ocr_line' id='line_1_3' title="bbox 551 285 1886 335; baseline -0.001 -9"><span class='ocrx_word' id='word_1_12' title='bbox 551 285 701 326; x_wconf 78' lang='lat' dir='ltr'>fuerit.</span> <span class='ocrx_word' id='word_1_13' title='bbox 731 286 907 332; x_wconf 79' lang='lat' dir='ltr'>Nullam</span> <span class='ocrx_word' id='word_1_14' title='bbox 923 293 1061 331; x_wconf 82' lang='lat' dir='ltr'>extare</span> <span class='ocrx_word' id='word_1_15' title='bbox 1079 287 1322 330; x_wconf 84' lang='lat' dir='ltr'>memoriam</span> <span class='ocrx_word' id='word_1_16' title='bbox 1339 314 1352 332; x_wconf 93' lang='lat'>,</span> <span class='ocrx_word' id='word_1_17' title='bbox 1384 302 1433 332; x_wconf 79' lang='lat' dir='ltr'>an</span> <span class='ocrx_word' id='word_1_18' title='bbox 1448 289 1684 335; x_wconf 84' lang='lat' dir='ltr'>voluntario</span> <span class='ocrx_word' id='word_1_19' title='bbox 1712 306 1757 333; x_wconf 75' lang='lat' dir='ltr'>ex</span> <span class='ocrx_word' id='word_1_20' title='bbox 1774 295 1886 333; x_wconf 70' lang='lat' dir='ltr'>soda-</span> 
     </span>
     <span class='ocr_line' id='line_1_4' title="bbox 550 337 1891 390; baseline 0.002 -8"><span class='ocrx_word' id='word_1_21' title='bbox 550 342 654 382; x_wconf 86' lang='lat' dir='ltr'>lium</span> <span class='ocrx_word' id='word_1_22' title='bbox 672 337 926 378; x_wconf 78' lang='lat' dir='ltr'>liberalitate</span> <span class='ocrx_word' id='word_1_23' title='bbox 943 361 957 381; x_wconf 82' lang='lat'><strong>‚</strong></span> <span class='ocrx_word' id='word_1_24' title='bbox 990 338 1056 376; x_wconf 91' lang='lat' dir='ltr'>vel</span> <span class='ocrx_word' id='word_1_25' title='bbox 1073 349 1121 377; x_wconf 85' lang='lat' dir='ltr'>ex</span> <span class='ocrx_word' id='word_1_26' title='bbox 1139 338 1278 388; x_wconf 90' lang='lat' dir='ltr'>legato</span> <span class='ocrx_word' id='word_1_27' title='bbox 1306 340 1394 380; x_wconf 86' lang='lat' dir='ltr'>dari</span> <span class='ocrx_word' id='word_1_28' title='bbox 1425 342 1593 390; x_wconf 64' lang='lat' dir='ltr'>caeperit</span> <span class='ocrx_word' id='word_1_29' title='bbox 1610 371 1620 382; x_wconf 86' lang='lat'><strong>.</strong></span> <span class='ocrx_word' id='word_1_30' title='bbox 1649 342 1761 384; x_wconf 86' lang='lat' dir='ltr'>Hinc</span> <span class='ocrx_word' id='word_1_31' title='bbox 1789 345 1891 386; x_wconf 73' lang='lat' dir='ltr'>faci-</span> 
     </span>
     <span class='ocr_line' id='line_1_5' title="bbox 546 391 1878 442; baseline 0.002 -8"><span class='ocrx_word' id='word_1_32' title='bbox 546 397 627 435; x_wconf 85' lang='lat' dir='ltr'>lius</span> <span class='ocrx_word' id='word_1_33' title='bbox 646 393 849 431; x_wconf 87' lang='lat' dir='ltr'>servatam</span> <span class='ocrx_word' id='word_1_34' title='bbox 868 391 1002 437; x_wconf 86' lang='lat' dir='ltr'>adhuc</span> <span class='ocrx_word' id='word_1_35' title='bbox 1027 391 1271 430; x_wconf 90' lang='lat' dir='ltr'>methodum</span> <span class='ocrx_word' id='word_1_36' title='bbox 1288 393 1553 442; x_wconf 75' lang='lat' dir='ltr'>mutaripoffe</span> <span class='ocrx_word' id='word_1_37' title='bbox 1568 409 1582 434; x_wconf 83' lang='lat'>‚-</span> <span class='ocrx_word' id='word_1_38' title='bbox 1610 407 1706 440; x_wconf 87' lang='lat' dir='ltr'>cum</span> <span class='ocrx_word' id='word_1_39' title='bbox 1722 398 1878 438; x_wconf 82' lang='lat' dir='ltr'>nullius</span> 
     </span>
     <span class='ocr_line' id='line_1_6' title="bbox 544 443 1880 494; baseline 0.003 -9"><span class='ocrx_word' id='word_1_40' title='bbox 544 449 594 488; x_wconf 82' lang='lat' dir='ltr'>sit</span> <span class='ocrx_word' id='word_1_41' title='bbox 609 443 901 483; x_wconf 80' lang='lat' dir='ltr'>commutanda</span> <span class='ocrx_word' id='word_1_42' title='bbox 918 443 1122 482; x_wconf 87' lang='lat' dir='ltr'>contraria</span> <span class='ocrx_word' id='word_1_43' title='bbox 1137 444 1329 490; x_wconf 87' lang='lat' dir='ltr'>voluntas</span> <span class='ocrx_word' id='word_1_44' title='bbox 1345 459 1361 486; x_wconf 69' lang='grc' dir='ltr'>,ε</span> <span class='ocrx_word' id='word_1_45' title='bbox 1377 446 1533 485; x_wconf 90' lang='lat' dir='ltr'>nullius</span> <span class='ocrx_word' id='word_1_46' title='bbox 1550 456 1713 491; x_wconf 87' lang='lat' dir='ltr'>certum</span> <span class='ocrx_word' id='word_1_47' title='bbox 1731 450 1796 494; x_wconf 82' lang='lat' dir='ltr'>jus</span> <span class='ocrx_word' id='word_1_48' title='bbox 1811 451 1880 489; x_wconf 72' lang='lat' dir='ltr'>lae-</span> 
     </span>
     <span class='ocr_line' id='line_1_7' title="bbox 543 494 1878 549; baseline 0.002 -11"><span class='ocrx_word' id='word_1_49' title='bbox 543 501 664 538; x_wconf 90' lang='lat' dir='ltr'>datur</span> <span class='ocrx_word' id='word_1_50' title='bbox 680 510 694 538; x_wconf 71' lang='lat'>5</span> <span class='ocrx_word' id='word_1_51' title='bbox 711 495 814 534; x_wconf 90' lang='lat' dir='ltr'>nulli</span> <span class='ocrx_word' id='word_1_52' title='bbox 832 494 1030 541; x_wconf 77' lang='lat' dir='ltr'>inseratur</span> <span class='ocrx_word' id='word_1_53' title='bbox 1048 494 1212 540; x_wconf 86' lang='lat' dir='ltr'>injuria,</span> <span class='ocrx_word' id='word_1_54' title='bbox 1228 496 1254 534; x_wconf 89' lang='lat' dir='ltr'><strong>fi</strong></span> <span class='ocrx_word' id='word_1_55' title='bbox 1273 496 1512 537; x_wconf 76' lang='lat' dir='ltr'>necessitate</span> <span class='ocrx_word' id='word_1_56' title='bbox 1529 509 1699 549; x_wconf 86' lang='lat' dir='ltr'>urgente</span> <span class='ocrx_word' id='word_1_57' title='bbox 1717 501 1878 541; x_wconf 82' lang='lat' dir='ltr'>minua-</span> 
     </span>
     <span class='ocr_line' id='line_1_8' title="bbox 543 547 1876 603; baseline 0.002 -13"><span class='ocrx_word' id='word_1_58' title='bbox 543 560 611 590; x_wconf 88' lang='lat' dir='ltr'>tur</span> <span class='ocrx_word' id='word_1_59' title='bbox 628 579 638 588; x_wconf 89' lang='lat'><strong>.</strong></span> <span class='ocrx_word' id='word_1_60' title='bbox 668 547 765 587; x_wconf 85' lang='lat' dir='ltr'>Alia</span> <span class='ocrx_word' id='word_1_61' title='bbox 786 560 833 587; x_wconf 88' lang='lat' dir='ltr'>ex</span> <span class='ocrx_word' id='word_1_62' title='bbox 850 547 1008 596; x_wconf 87' lang='lat' dir='ltr'>scriptis</span> <span class='ocrx_word' id='word_1_63' title='bbox 1022 547 1382 597; x_wconf 83' lang='lat' dir='ltr'>capitulividenda</span> <span class='ocrx_word' id='word_1_64' title='bbox 1398 550 1488 590; x_wconf 87' lang='lat' dir='ltr'>suut</span> <span class='ocrx_word' id='word_1_65' title='bbox 1504 576 1518 597; x_wconf 90' lang='lat'>,</span> <span class='ocrx_word' id='word_1_66' title='bbox 1536 564 1623 602; x_wconf 84' lang='lat' dir='ltr'>quae</span> <span class='ocrx_word' id='word_1_67' title='bbox 1644 552 1740 592; x_wconf 87' lang='lat' dir='ltr'>inde</span> <span class='ocrx_word' id='word_1_68' title='bbox 1759 565 1876 603; x_wconf 86' lang='lat' dir='ltr'>repe-</span> 
     </span>
     <span class='ocr_line' id='line_1_9' title="bbox 542 598 1108 648; baseline -0.002 -7"><span class='ocrx_word' id='word_1_69' title='bbox 542 612 633 642; x_wconf 86' lang='lat' dir='ltr'>tere</span> <span class='ocrx_word' id='word_1_70' title='bbox 666 600 745 639; x_wconf 89' lang='lat' dir='ltr'>otii</span> <span class='ocrx_word' id='word_1_71' title='bbox 764 613 824 640; x_wconf 90' lang='lat' dir='ltr'>res</span> <span class='ocrx_word' id='word_1_72' title='bbox 846 601 965 648; x_wconf 87' lang='lat' dir='ltr'>plena</span> <span class='ocrx_word' id='word_1_73' title='bbox 984 598 1083 639; x_wconf 71' lang='lat' dir='ltr'>esset</span> <span class='ocrx_word' id='word_1_74' title='bbox 1098 629 1108 640; x_wconf 90' lang='lat'><strong>.</strong></span> 
     </span>
    </p>

    <p class='ocr_par' dir='ltr' id='par_1_3' title="bbox 498 650 1881 961">
     <span class='ocr_line' id='line_1_10' title="bbox 498 650 1881 702; baseline 0.004 -11"><span class='ocrx_word' id='word_1_75' title='bbox 498 650 561 694; x_wconf 90' lang='lat' dir='ltr'>De</span> <span class='ocrx_word' id='word_1_76' title='bbox 581 653 630 694; x_wconf 90' lang='lat'>11.</span> <span class='ocrx_word' id='word_1_77' title='bbox 649 665 796 701; x_wconf 88' lang='lat' dir='ltr'>nempe</span> <span class='ocrx_word' id='word_1_78' title='bbox 826 652 877 691; x_wconf 90' lang='lat' dir='ltr'>de</span> <span class='ocrx_word' id='word_1_79' title='bbox 896 652 1041 690; x_wconf 82' lang='lat' dir='ltr'>salario</span> <span class='ocrx_word' id='word_1_80' title='bbox 1058 652 1324 702; x_wconf 79' lang='lat' dir='ltr'>ludimagistri</span> <span class='ocrx_word' id='word_1_81' title='bbox 1341 654 1564 694; x_wconf 88' lang='lat' dir='ltr'>minuendo</span> <span class='ocrx_word' id='word_1_82' title='bbox 1581 682 1593 701; x_wconf 91' lang='lat'>‚</span> <span class='ocrx_word' id='word_1_83' title='bbox 1618 657 1677 700; x_wconf 75' lang='lat' dir='ltr'>ait</span> <span class='ocrx_word' id='word_1_84' title='bbox 1694 681 1706 701; x_wconf 88' lang='lat'><strong>‚</strong></span> <span class='ocrx_word' id='word_1_85' title='bbox 1725 656 1881 696; x_wconf 87' lang='lat' dir='ltr'>leviffi·</span> 
     </span>
     <span class='ocr_line' id='line_1_11' title="bbox 542 703 1880 753; baseline 0.001 -7"><span class='ocrx_word' id='word_1_86' title='bbox 542 719 656 746; x_wconf 88' lang='lat' dir='ltr'>mum</span> <span class='ocrx_word' id='word_1_87' title='bbox 672 707 757 751; x_wconf 83' lang='lat' dir='ltr'>ejus</span> <span class='ocrx_word' id='word_1_88' title='bbox 772 703 848 744; x_wconf 86' lang='lat' dir='ltr'>esse</span> <span class='ocrx_word' id='word_1_89' title='bbox 865 705 1047 743; x_wconf 88' lang='lat' dir='ltr'>laborem</span> <span class='ocrx_word' id='word_1_90' title='bbox 1064 733 1073 743; x_wconf 94' lang='lat'><strong><em>.</em></strong></span> <span class='ocrx_word' id='word_1_91' title='bbox 1105 704 1281 744; x_wconf 81' lang='lat' dir='ltr'>Insulam</span> <span class='ocrx_word' id='word_1_92' title='bbox 1301 707 1411 746; x_wconf 87' lang='lat' dir='ltr'>lacus</span> <span class='ocrx_word' id='word_1_93' title='bbox 1437 706 1662 753; x_wconf 87' lang='lat' dir='ltr'>Trafimeni</span> <span class='ocrx_word' id='word_1_94' title='bbox 1689 709 1755 748; x_wconf 82' lang='lat' dir='ltr'>vix</span> <span class='ocrx_word' id='word_1_95' title='bbox 1784 711 1880 748; x_wconf 57' lang='lat' dir='ltr'>osto</span> 
     </span>
     <span class='ocr_line' id='line_1_12' title="bbox 538 755 1877 811; baseline 0.003 -15"><span class='ocrx_word' id='word_1_96' title='bbox 538 760 659 807; x_wconf 84' lang='lat' dir='ltr'>supra</span> <span class='ocrx_word' id='word_1_97' title='bbox 672 757 823 806; x_wconf 85' lang='lat' dir='ltr'>viginti</span> <span class='ocrx_word' id='word_1_98' title='bbox 837 755 1018 801; x_wconf 81' lang='lat' dir='ltr'>familias</span> <span class='ocrx_word' id='word_1_99' title='bbox 1036 769 1251 797; x_wconf 86' lang='lat' dir='ltr'>numerare</span> <span class='ocrx_word' id='word_1_100' title='bbox 1264 787 1273 796; x_wconf 93' lang='lat'><em>.</em></span> <span class='ocrx_word' id='word_1_101' title='bbox 1302 758 1528 806; x_wconf 90' lang='lat' dir='ltr'>Perpaucos</span> <span class='ocrx_word' id='word_1_102' title='bbox 1548 759 1624 799; x_wconf 81' lang='lat' dir='ltr'>effe</span> <span class='ocrx_word' id='word_1_103' title='bbox 1640 762 1877 811; x_wconf 79' lang='lat' dir='ltr'>pueros,qui</span> 
     </span>
     <span class='ocr_line' id='line_1_13' title="bbox 537 808 1870 860; baseline 0.001 -10"><span class='ocrx_word' id='word_1_104' title='bbox 537 811 719 850; x_wconf 84' lang='lat' dir='ltr'>scholam</span> <span class='ocrx_word' id='word_1_105' title='bbox 739 808 1006 859; x_wconf 79' lang='lat' dir='ltr'>frequentent</span> <span class='ocrx_word' id='word_1_106' title='bbox 1022 837 1032 853; x_wconf 72' lang='grc'><em>,</em></span> <span class='ocrx_word' id='word_1_107' title='bbox 1051 808 1214 849; x_wconf 85' lang='lat' dir='ltr'>Habere</span> <span class='ocrx_word' id='word_1_108' title='bbox 1232 809 1555 860; x_wconf 85' lang='lat' dir='ltr'>ludimagistrum</span> <span class='ocrx_word' id='word_1_109' title='bbox 1581 824 1681 851; x_wconf 86' lang='lat' dir='ltr'>onus</span> <span class='ocrx_word' id='word_1_110' title='bbox 1701 813 1870 852; x_wconf 68' lang='lat' dir='ltr'>ecclefiae</span> 
     </span>
     <span class='ocr_line' id='line_1_14' title="bbox 536 860 1872 912; baseline 0.001 -10"><span class='ocrx_word' id='word_1_111' title='bbox 536 874 736 912; x_wconf 86' lang='lat' dir='ltr'>organum</span> <span class='ocrx_word' id='word_1_112' title='bbox 753 860 937 910; x_wconf 88' lang='lat' dir='ltr'>pulsandi</span> <span class='ocrx_word' id='word_1_113' title='bbox 954 861 1094 901; x_wconf 87' lang='lat' dir='ltr'>diebus</span> <span class='ocrx_word' id='word_1_114' title='bbox 1112 870 1275 901; x_wconf 85' lang='lat' dir='ltr'>tantum</span> <span class='ocrx_word' id='word_1_115' title='bbox 1294 861 1400 901; x_wconf 82' lang='lat' dir='ltr'>festis</span> <span class='ocrx_word' id='word_1_116' title='bbox 1417 892 1428 901; x_wconf 84' lang='lat'><strong>.</strong></span> <span class='ocrx_word' id='word_1_117' title='bbox 1445 863 1524 902; x_wconf 85' lang='lat' dir='ltr'>Pro</span> <span class='ocrx_word' id='word_1_118' title='bbox 1541 863 1589 901; x_wconf 90' lang='lat' dir='ltr'>iis</span> <span class='ocrx_word' id='word_1_119' title='bbox 1604 865 1792 904; x_wconf 84' lang='lat' dir='ltr'>omnibus</span> <span class='ocrx_word' id='word_1_120' title='bbox 1808 865 1872 904; x_wconf 86' lang='lat' dir='ltr'>sa-</span> 
     </span>
     <span class='ocr_line' id='line_1_15' title="bbox 537 914 1636 961; baseline 0.002 -8"><span class='ocrx_word' id='word_1_121' title='bbox 537 916 687 954; x_wconf 82' lang='lat' dir='ltr'>larium</span> <span class='ocrx_word' id='word_1_122' title='bbox 705 916 873 961; x_wconf 81' lang='lat' dir='ltr'>scut.24.</span> <span class='ocrx_word' id='word_1_123' title='bbox 893 937 905 956; x_wconf 89' lang='lat'>‚</span> <span class='ocrx_word' id='word_1_124' title='bbox 919 915 957 952; x_wconf 69' lang='lat'>&amp;⁷</span> <span class='ocrx_word' id='word_1_125' title='bbox 976 914 1204 952; x_wconf 63' lang='lat' dir='ltr'>instrustam</span> <span class='ocrx_word' id='word_1_126' title='bbox 1222 914 1390 960; x_wconf 86' lang='lat' dir='ltr'>domum</span> <span class='ocrx_word' id='word_1_127' title='bbox 1406 915 1607 956; x_wconf 88' lang='lat' dir='ltr'>abundare</span> <span class='ocrx_word' id='word_1_128' title='bbox 1626 945 1636 955; x_wconf 93' lang='lat'>.</span> 
     </span>
    </p>

    <p class='ocr_par' dir='ltr' id='par_1_4' title="bbox 484 965 1874 1694">
     <span class='ocr_line' id='line_1_16' title="bbox 484 965 1874 1018; baseline 0 -12"><span class='ocrx_word' id='word_1_129' title='bbox 484 967 699 1018; x_wconf 77' lang='lat' dir='ltr'>Episcopus</span> <span class='ocrx_word' id='word_1_130' title='bbox 718 965 967 1015; x_wconf 83' lang='lat' dir='ltr'>petitionem</span> <span class='ocrx_word' id='word_1_131' title='bbox 995 966 1053 1002; x_wconf 86' lang='lat' dir='ltr'>sui</span> <span class='ocrx_word' id='word_1_132' title='bbox 1069 966 1241 1014; x_wconf 82' lang='lat' dir='ltr'>capituli</span> <span class='ocrx_word' id='word_1_133' title='bbox 1267 967 1548 1015; x_wconf 76' lang='lat' dir='ltr'>impensissime</span> <span class='ocrx_word' id='word_1_134' title='bbox 1576 969 1721 1007; x_wconf 89' lang='lat' dir='ltr'>multis</span> <span class='ocrx_word' id='word_1_135' title='bbox 1736 969 1874 1007; x_wconf 83' lang='lat' dir='ltr'>verbis</span> 
     </span>
     <span class='ocr_line' id='line_1_17' title="bbox 533 1016 1872 1069; baseline 0 -10"><span class='ocrx_word' id='word_1_136' title='bbox 533 1020 701 1066; x_wconf 75' lang='lat' dir='ltr'>adjuvat</span> <span class='ocrx_word' id='word_1_137' title='bbox 718 1049 726 1056; x_wconf 91' lang='lat'>.</span> <span class='ocrx_word' id='word_1_138' title='bbox 762 1016 1059 1057; x_wconf 85' lang='lat' dir='ltr'>Neceffitatem</span> <span class='ocrx_word' id='word_1_139' title='bbox 1076 1018 1236 1056; x_wconf 78' lang='lat' dir='ltr'>sacrarii</span> <span class='ocrx_word' id='word_1_140' title='bbox 1256 1018 1469 1058; x_wconf 83' lang='lat' dir='ltr'>confirmat</span> <span class='ocrx_word' id='word_1_141' title='bbox 1486 1049 1495 1058; x_wconf 87' lang='lat'><strong>.</strong></span> <span class='ocrx_word' id='word_1_142' title='bbox 1515 1020 1674 1059; x_wconf 85' lang='lat' dir='ltr'>Saltem</span> <span class='ocrx_word' id='word_1_143' title='bbox 1702 1033 1773 1069; x_wconf 89' lang='lat' dir='ltr'>pro</span> <span class='ocrx_word' id='word_1_144' title='bbox 1790 1021 1872 1059; x_wconf 84' lang='lat' dir='ltr'>ali-</span> 
     </span>
     <span class='ocr_line' id='line_1_18' title="bbox 532 1070 1870 1122; baseline 0 -12"><span class='ocrx_word' id='word_1_145' title='bbox 532 1085 612 1122; x_wconf 87' lang='lat' dir='ltr'>quo</span> <span class='ocrx_word' id='word_1_146' title='bbox 634 1082 832 1112; x_wconf 86' lang='lat' dir='ltr'>annorum</span> <span class='ocrx_word' id='word_1_147' title='bbox 848 1070 976 1115; x_wconf 86' lang='lat' dir='ltr'>spatio</span> <span class='ocrx_word' id='word_1_148' title='bbox 1008 1079 1053 1108; x_wconf 90' lang='lat' dir='ltr'>ut</span> <span class='ocrx_word' id='word_1_149' title='bbox 1084 1070 1253 1118; x_wconf 85' lang='lat' dir='ltr'>largitio</span> <span class='ocrx_word' id='word_1_150' title='bbox 1282 1072 1433 1115; x_wconf 81' lang='lat' dir='ltr'>exteris</span> <span class='ocrx_word' id='word_1_151' title='bbox 1451 1073 1677 1116; x_wconf 82' lang='lat' dir='ltr'>auferatur,</span> <span class='ocrx_word' id='word_1_152' title='bbox 1697 1072 1837 1110; x_wconf 89' lang='lat' dir='ltr'>censet</span> <span class='ocrx_word' id='word_1_153' title='bbox 1856 1083 1870 1110; x_wconf 73' lang='grc' dir='ltr'>ε</span> 
     </span>
     <span class='ocr_line' id='line_1_19' title="bbox 541 1123 1871 1172; baseline 0 -11"><span class='ocrx_word' id='word_1_154' title='bbox 541 1137 560 1153; x_wconf 47' lang='grc' dir='ltr'>θ’</span> <span class='ocrx_word' id='word_1_155' title='bbox 576 1125 681 1172; x_wconf 76' lang='lat' dir='ltr'>uodfi</span> <span class='ocrx_word' id='word_1_156' title='bbox 697 1124 773 1161; x_wconf 76' lang='grc' dir='ltr'>ΞΕ.</span> <span class='ocrx_word' id='word_1_157' title='bbox 794 1123 930 1171; x_wconf 80' lang='lat' dir='ltr'>Vestris</span> <span class='ocrx_word' id='word_1_158' title='bbox 953 1123 1108 1170; x_wconf 75' lang='lat' dir='ltr'>dtfficilis</span> <span class='ocrx_word' id='word_1_159' title='bbox 1124 1148 1136 1166; x_wconf 85' lang='lat'>,</span> <span class='ocrx_word' id='word_1_160' title='bbox 1170 1126 1328 1166; x_wconf 75' lang='lat' dir='ltr'>&amp;nimis</span> <span class='ocrx_word' id='word_1_161' title='bbox 1348 1123 1472 1171; x_wconf 84' lang='lat' dir='ltr'>aspera</span> <span class='ocrx_word' id='word_1_162' title='bbox 1492 1123 1682 1166; x_wconf 80' lang='lat' dir='ltr'>videretur</span> <span class='ocrx_word' id='word_1_163' title='bbox 1708 1125 1871 1172; x_wconf 74' lang='lat' dir='ltr'>eoncessio</span> 
     </span>
     <span class='ocr_line' id='line_1_20' title="bbox 526 1175 1865 1228; baseline -0.001 -13"><span class='ocrx_word' id='word_1_164' title='bbox 526 1180 660 1228; x_wconf 64' lang='lat' dir='ltr'>gratia</span> <span class='ocrx_word' id='word_1_165' title='bbox 674 1177 890 1213; x_wconf 66' lang='lat' dir='ltr'>reduflt&#39;onis</span> <span class='ocrx_word' id='word_1_166' title='bbox 907 1179 1019 1212; x_wconf 78' lang='lat' dir='ltr'>oneris</span> <span class='ocrx_word' id='word_1_167' title='bbox 1031 1176 1210 1223; x_wconf 66' lang='lat' dir='ltr'>praediffi‘ae</span> <span class='ocrx_word' id='word_1_168' title='bbox 1240 1175 1459 1223; x_wconf 49' lang='lat' dir='ltr'>eleemosynae</span> <span class='ocrx_word' id='word_1_169' title='bbox 1488 1176 1668 1213; x_wconf 75' lang='lat' dir='ltr'>mediante</span> <span class='ocrx_word' id='word_1_170' title='bbox 1687 1184 1865 1225; x_wconf 80' lang='lat' dir='ltr'>perpetua</span> 
     </span>
     <span class='ocr_line' id='line_1_21' title="bbox 537 1226 1868 1276; baseline 0 -11"><span class='ocrx_word' id='word_1_171' title='bbox 537 1240 744 1267; x_wconf 81' lang='lat' dir='ltr'>exterorum</span> <span class='ocrx_word' id='word_1_172' title='bbox 760 1229 957 1276; x_wconf 74' lang='lat' dir='ltr'>exclufione</span> <span class='ocrx_word' id='word_1_173' title='bbox 970 1252 981 1270; x_wconf 85' lang='lat'><strong>‚</strong></span> <span class='ocrx_word' id='word_1_174' title='bbox 999 1241 1064 1265; x_wconf 87' lang='lat' dir='ltr'>non</span> <span class='ocrx_word' id='word_1_175' title='bbox 1074 1227 1492 1276; x_wconf 79' lang='lat' dir='ltr'>praegraventursaltem</span> <span class='ocrx_word' id='word_1_176' title='bbox 1505 1237 1767 1276; x_wconf 79' lang='lat' dir='ltr'>temporaneam</span> <span class='ocrx_word' id='word_1_177' title='bbox 1783 1226 1868 1270; x_wconf 83' lang='lat' dir='ltr'>illo-</span> 
     </span>
     <span class='ocr_line' id='line_1_22' title="bbox 532 1279 1864 1330; baseline -0.002 -11"><span class='ocrx_word' id='word_1_178' title='bbox 532 1295 611 1320; x_wconf 76' lang='lat' dir='ltr'>rum</span> <span class='ocrx_word' id='word_1_179' title='bbox 615 1282 876 1330; x_wconf 77' lang='lat' dir='ltr'>suspensionem</span> <span class='ocrx_word' id='word_1_180' title='bbox 894 1282 1091 1317; x_wconf 80' lang='lat' dir='ltr'>decernere</span> <span class='ocrx_word' id='word_1_181' title='bbox 1107 1283 1205 1317; x_wconf 80' lang='lat' dir='ltr'>intra</span> <span class='ocrx_word' id='word_1_182' title='bbox 1223 1293 1282 1318; x_wconf 83' lang='lat'>20.</span> <span class='ocrx_word' id='word_1_183' title='bbox 1299 1293 1470 1317; x_wconf 76' lang='lat' dir='ltr'>annorum</span> <span class='ocrx_word' id='word_1_184' title='bbox 1488 1279 1693 1326; x_wconf 76' lang='lat' dir='ltr'>decarficm,</span> <span class='ocrx_word' id='word_1_185' title='bbox 1710 1293 1864 1329; x_wconf 82' lang='lat' dir='ltr'>quorum</span> 
     </span>
     <span class='ocr_line' id='line_1_23' title="bbox 532 1331 1862 1380; baseline -0.002 -9"><span class='ocrx_word' id='word_1_186' title='bbox 532 1334 702 1379; x_wconf 78' lang='lat' dir='ltr'>beneficio</span> <span class='ocrx_word' id='word_1_187' title='bbox 714 1347 811 1371; x_wconf 86' lang='lat' dir='ltr'>novae</span> <span class='ocrx_word' id='word_1_188' title='bbox 827 1334 996 1369; x_wconf 74' lang='lat' dir='ltr'>arborum</span> <span class='ocrx_word' id='word_1_189' title='bbox 1007 1331 1244 1379; x_wconf 77' lang='lat' dir='ltr'>plantationes</span> <span class='ocrx_word' id='word_1_190' title='bbox 1261 1336 1298 1368; x_wconf 85' lang='lat' dir='ltr'>in</span> <span class='ocrx_word' id='word_1_191' title='bbox 1308 1332 1455 1379; x_wconf 52' lang='lat' dir='ltr'>praediis</span> <span class='ocrx_word' id='word_1_192' title='bbox 1467 1331 1862 1380; x_wconf 75' lang='lat' dir='ltr'>suppreffaesocietatis</span> 
     </span>
     <span class='ocr_line' id='line_1_24' title="bbox 533 1382 1863 1435; baseline -0.001 -12"><span class='ocrx_word' id='word_1_193' title='bbox 533 1400 555 1423; x_wconf 83' lang='lat' dir='ltr'>a</span> <span class='ocrx_word' id='word_1_194' title='bbox 572 1386 727 1435; x_wconf 78' lang='lat' dir='ltr'>capitulo</span> <span class='ocrx_word' id='word_1_195' title='bbox 740 1385 813 1434; x_wconf 85' lang='lat' dir='ltr'>post</span> <span class='ocrx_word' id='word_1_196' title='bbox 831 1383 1084 1432; x_wconf 65' lang='lat' dir='ltr'>reaffiamptam*</span> <span class='ocrx_word' id='word_1_197' title='bbox 1101 1382 1247 1426; x_wconf 79' lang='lat' dir='ltr'>illorum</span> <span class='ocrx_word' id='word_1_198' title='bbox 1263 1384 1607 1429; x_wconf 77' lang='lat' dir='ltr'>administrationem</span> <span class='ocrx_word' id='word_1_199' title='bbox 1621 1387 1863 1431; x_wconf 42' lang='lat' dir='ltr'>nuperrima,</span> 
     </span>
     <span class='ocr_line' id='line_1_25' title="bbox 532 1433 1863 1487; baseline -0.002 -12"><span class='ocrx_word' id='word_1_200' title='bbox 532 1439 669 1487; x_wconf 74' lang='lat' dir='ltr'>consitae</span> <span class='ocrx_word' id='word_1_201' title='bbox 684 1437 886 1484; x_wconf 73' lang='lat' dir='ltr'>adolescent</span> <span class='ocrx_word' id='word_1_202' title='bbox 899 1436 1047 1482; x_wconf 64' lang='lat' dir='ltr'>inflatu</span> <span class='ocrx_word' id='word_1_203' title='bbox 1064 1433 1335 1481; x_wconf 68' lang='lat' dir='ltr'>completossuos</span> <span class='ocrx_word' id='word_1_204' title='bbox 1350 1435 1527 1486; x_wconf 83' lang='lat' dir='ltr'>gignendi</span> <span class='ocrx_word' id='word_1_205' title='bbox 1536 1434 1697 1480; x_wconf 58' lang='lat' dir='ltr'>suffita,</span> <span class='ocrx_word' id='word_1_206' title='bbox 1714 1448 1863 1483; x_wconf 78' lang='lat' dir='ltr'>quorum</span> 
     </span>
     <span class='ocr_line' id='line_1_26' title="bbox 529 1485 1860 1533; baseline -0.002 -7"><span class='ocrx_word' id='word_1_207' title='bbox 529 1492 690 1526; x_wconf 73' lang='lat' dir='ltr'>uberiori</span> <span class='ocrx_word' id='word_1_208' title='bbox 704 1487 865 1524; x_wconf 65' lang='lat' dir='ltr'>retraHu</span> <span class='ocrx_word' id='word_1_209' title='bbox 879 1488 989 1522; x_wconf 78' lang='lat' dir='ltr'>annai</span> <span class='ocrx_word' id='word_1_210' title='bbox 1002 1486 1142 1520; x_wconf 80' lang='lat' dir='ltr'>reditus</span> <span class='ocrx_word' id='word_1_211' title='bbox 1155 1493 1257 1531; x_wconf 84' lang='lat' dir='ltr'>pares</span> <span class='ocrx_word' id='word_1_212' title='bbox 1270 1486 1392 1532; x_wconf 82' lang='lat' dir='ltr'>forsan</span> <span class='ocrx_word' id='word_1_213' title='bbox 1409 1485 1559 1532; x_wconf 76' lang='lat' dir='ltr'>extstent</span> <span class='ocrx_word' id='word_1_214' title='bbox 1573 1510 1585 1529; x_wconf 89' lang='lat'>‚</span> <span class='ocrx_word' id='word_1_215' title='bbox 1612 1487 1744 1523; x_wconf 82' lang='lat' dir='ltr'>nedum</span> <span class='ocrx_word' id='word_1_216' title='bbox 1759 1485 1860 1533; x_wconf 85' lang='lat' dir='ltr'><em>sub-</em></span> 
     </span>
     <span class='ocr_line' id='line_1_27' title="bbox 530 1536 1853 1585; baseline 0 -9"><span class='ocrx_word' id='word_1_217' title='bbox 530 1541 695 1577; x_wconf 76' lang='lat' dir='ltr'>levandis</span> <span class='ocrx_word' id='word_1_218' title='bbox 713 1539 923 1585; x_wconf 76' lang='lat' dir='ltr'>indigentiis</span> <span class='ocrx_word' id='word_1_219' title='bbox 931 1536 1113 1584; x_wconf 64' lang='lat' dir='ltr'>pr-aerelati</span> <span class='ocrx_word' id='word_1_220' title='bbox 1117 1536 1280 1582; x_wconf 81' lang='lat' dir='ltr'>sacrarii</span> <span class='ocrx_word' id='word_1_221' title='bbox 1292 1549 1306 1575; x_wconf 72' lang='lat'>5</span> <span class='ocrx_word' id='word_1_222' title='bbox 1335 1548 1462 1580; x_wconf 76' lang='lat' dir='ltr'>verum</span> <span class='ocrx_word' id='word_1_223' title='bbox 1477 1538 1586 1572; x_wconf 81' lang='lat' dir='ltr'>etiam</span> <span class='ocrx_word' id='word_1_224' title='bbox 1601 1539 1853 1579; x_wconf 64' lang='lat' dir='ltr'>continuanda</span> 
     </span>
     <span class='ocr_line' id='line_1_28' title="bbox 530 1587 1856 1640; baseline -0.002 -12"><span class='ocrx_word' id='word_1_225' title='bbox 530 1591 750 1640; x_wconf 64' lang='lat' dir='ltr'>eleemofivnae</span> <span class='ocrx_word' id='word_1_226' title='bbox 777 1603 815 1626; x_wconf 81' lang='lat' dir='ltr'>m</span> <span class='ocrx_word' id='word_1_227' title='bbox 830 1592 990 1625; x_wconf 74' lang='lat' dir='ltr'>terminis</span> <span class='ocrx_word' id='word_1_228' title='bbox 1018 1588 1200 1624; x_wconf 83' lang='lat' dir='ltr'>hodiernae</span> <span class='ocrx_word' id='word_1_229' title='bbox 1230 1587 1461 1634; x_wconf 81' lang='lat' dir='ltr'>observantiae</span> <span class='ocrx_word' id='word_1_230' title='bbox 1489 1595 1564 1624; x_wconf 84' lang='lat' dir='ltr'>tam</span> <span class='ocrx_word' id='word_1_231' title='bbox 1588 1587 1822 1634; x_wconf 83' lang='lat' dir='ltr'>subditorum</span> <span class='ocrx_word' id='word_1_232' title='bbox 1838 1613 1856 1634; x_wconf 82' lang='lat'>,</span> 
     </span>
     <span class='ocr_line' id='line_1_29' title="bbox 531 1638 1856 1694; baseline -0.004 -14"><span class='ocrx_word' id='word_1_233' title='bbox 531 1656 636 1694; x_wconf 86' lang='lat' dir='ltr'>quam</span> <span class='ocrx_word' id='word_1_234' title='bbox 653 1654 857 1680; x_wconf 82' lang='lat' dir='ltr'>exterorum</span> <span class='ocrx_word' id='word_1_235' title='bbox 871 1640 1089 1689; x_wconf 79' lang='lat' dir='ltr'>complexive</span> <span class='ocrx_word' id='word_1_236' title='bbox 1102 1668 1112 1678; x_wconf 91' lang='lat'><strong>.</strong></span> <span class='ocrx_word' id='word_1_237' title='bbox 1141 1638 1331 1678; x_wconf 89' lang='lat' dir='ltr'>Videnda</span> <span class='ocrx_word' id='word_1_238' title='bbox 1349 1638 1506 1687; x_wconf 90' lang='lat' dir='ltr'>integra</span> <span class='ocrx_word' id='word_1_239' title='bbox 1524 1640 1560 1684; x_wconf 83' lang='lat' dir='ltr'>ej</span> <span class='ocrx_word' id='word_1_240' title='bbox 1568 1651 1609 1677; x_wconf 86' lang='lat' dir='ltr'>us</span> <span class='ocrx_word' id='word_1_241' title='bbox 1628 1638 1755 1676; x_wconf 84' lang='lat' dir='ltr'>relatio</span> <span class='ocrx_word' id='word_1_242' title='bbox 1773 1641 1827 1680; x_wconf 85' lang='lat' dir='ltr'>est</span> <span class='ocrx_word' id='word_1_243' title='bbox 1841 1670 1856 1681; x_wconf 80' lang='grc'>,</span> 
     </span>
    </p>

    <p class='ocr_par' dir='ltr' id='par_1_5' title="bbox 481 1690 1856 1944">
     <span class='ocr_line' id='line_1_30' title="bbox 481 1690 1853 1748; baseline -0.002 -13"><span class='ocrx_word' id='word_1_244' title='bbox 481 1697 591 1748; x_wconf 84' lang='lat' dir='ltr'>Qia</span> <span class='ocrx_word' id='word_1_245' title='bbox 610 1706 709 1733; x_wconf 88' lang='lat' dir='ltr'>vero</span> <span class='ocrx_word' id='word_1_246' title='bbox 725 1694 873 1733; x_wconf 85' lang='lat' dir='ltr'>inutile</span> <span class='ocrx_word' id='word_1_247' title='bbox 891 1692 1194 1731; x_wconf 83' lang='lat' dir='ltr'>existimaverat</span> <span class='ocrx_word' id='word_1_248' title='bbox 1210 1703 1376 1730; x_wconf 88' lang='lat' dir='ltr'>monere</span> <span class='ocrx_word' id='word_1_249' title='bbox 1395 1690 1443 1729; x_wconf 91' lang='lat' dir='ltr'>de</span> <span class='ocrx_word' id='word_1_250' title='bbox 1460 1691 1661 1739; x_wconf 89' lang='lat' dir='ltr'>petitione</span> <span class='ocrx_word' id='word_1_251' title='bbox 1677 1692 1853 1739; x_wconf 90' lang='lat' dir='ltr'>capituli</span> 
     </span>
     <span class='ocr_line' id='line_1_31' title="bbox 529 1742 1853 1796; baseline -0.002 -11"><span class='ocrx_word' id='word_1_252' title='bbox 529 1759 597 1789; x_wconf 87' lang='lat' dir='ltr'>eos</span> <span class='ocrx_word' id='word_1_253' title='bbox 611 1771 624 1789; x_wconf 87' lang='lat'><strong>‚</strong></span> <span class='ocrx_word' id='word_1_254' title='bbox 656 1757 829 1796; x_wconf 87' lang='lat' dir='ltr'>quorum</span> <span class='ocrx_word' id='word_1_255' title='bbox 846 1743 1053 1784; x_wconf 80' lang='lat' dir='ltr'>interesset</span> <span class='ocrx_word' id='word_1_256' title='bbox 1068 1757 1081 1784; x_wconf 82' lang='lat'>‚·</span> <span class='ocrx_word' id='word_1_257' title='bbox 1111 1743 1204 1781; x_wconf 89' lang='lat' dir='ltr'>hinc</span> <span class='ocrx_word' id='word_1_258' title='bbox 1220 1743 1462 1781; x_wconf 87' lang='lat' dir='ltr'>mandatum</span> <span class='ocrx_word' id='word_1_259' title='bbox 1482 1742 1519 1780; x_wconf 84' lang='lat' dir='ltr'>ei</span> <span class='ocrx_word' id='word_1_260' title='bbox 1537 1744 1590 1782; x_wconf 88' lang='lat' dir='ltr'>est</span> <span class='ocrx_word' id='word_1_261' title='bbox 1619 1744 1680 1779; x_wconf 80' lang='lat' dir='ltr'>die</span> <span class='ocrx_word' id='word_1_262' title='bbox 1699 1749 1756 1782; x_wconf 90' lang='lat'>18.</span> <span class='ocrx_word' id='word_1_263' title='bbox 1776 1743 1853 1781; x_wconf 82' lang='lat' dir='ltr'>Fe-</span> 
     </span>
     <span class='ocr_line' id='line_1_32' title="bbox 530 1793 1852 1846; baseline -0.002 -9"><span class='ocrx_word' id='word_1_264' title='bbox 530 1802 674 1839; x_wconf 78' lang='lat' dir='ltr'>bruarii</span> <span class='ocrx_word' id='word_1_265' title='bbox 711 1799 815 1846; x_wconf 80' lang='lat' dir='ltr'>elapsi</span> <span class='ocrx_word' id='word_1_266' title='bbox 844 1802 929 1835; x_wconf 83' lang='lat' dir='ltr'>anni</span> <span class='ocrx_word' id='word_1_267' title='bbox 962 1821 976 1841; x_wconf 87' lang='lat'>‚</span> <span class='ocrx_word' id='word_1_268' title='bbox 1019 1803 1067 1835; x_wconf 86' lang='lat' dir='ltr'>ut</span> <span class='ocrx_word' id='word_1_269' title='bbox 1090 1808 1161 1845; x_wconf 88' lang='lat' dir='ltr'>per</span> <span class='ocrx_word' id='word_1_270' title='bbox 1189 1794 1323 1834; x_wconf 62' lang='lat' dir='ltr'>edicta</span> <span class='ocrx_word' id='word_1_271' title='bbox 1356 1807 1426 1834; x_wconf 84' lang='lat' dir='ltr'>eos</span> <span class='ocrx_word' id='word_1_272' title='bbox 1470 1793 1519 1833; x_wconf 91' lang='lat' dir='ltr'>de</span> <span class='ocrx_word' id='word_1_273' title='bbox 1548 1795 1748 1840; x_wconf 84' lang='lat' dir='ltr'>ejusmodi</span> <span class='ocrx_word' id='word_1_274' title='bbox 1779 1808 1852 1837; x_wconf 66' lang='lat' dir='ltr'>re,</span> 
     </span>
     <span class='ocr_line' id='line_1_33' title="bbox 527 1847 1856 1898; baseline -0.007 -6"><span class='ocrx_word' id='word_1_275' title='bbox 527 1850 726 1892; x_wconf 87' lang='lat' dir='ltr'>certiores</span> <span class='ocrx_word' id='word_1_276' title='bbox 753 1849 914 1889; x_wconf 71' lang='lat' dir='ltr'>taceret</span> <span class='ocrx_word' id='word_1_277' title='bbox 941 1874 954 1895; x_wconf 66' lang='lat' dir='ltr'>a</span> <span class='ocrx_word' id='word_1_278' title='bbox 998 1861 1078 1898; x_wconf 83' lang='lat' dir='ltr'>quo</span> <span class='ocrx_word' id='word_1_279' title='bbox 1117 1848 1186 1887; x_wconf 86' lang='lat' dir='ltr'>sua</span> <span class='ocrx_word' id='word_1_280' title='bbox 1215 1848 1304 1893; x_wconf 85' lang='lat' dir='ltr'>jura</span> <span class='ocrx_word' id='word_1_281' title='bbox 1342 1856 1618 1896; x_wconf 84' lang='lat' dir='ltr'>proponerent</span> <span class='ocrx_word' id='word_1_282' title='bbox 1648 1872 1660 1893; x_wconf 67' lang='lat'><strong>³</strong></span> <span class='ocrx_word' id='word_1_283' title='bbox 1707 1848 1768 1887; x_wconf 90' lang='lat' dir='ltr'>uti</span> <span class='ocrx_word' id='word_1_284' title='bbox 1796 1847 1856 1888; x_wconf 67' lang='lat' dir='ltr'>fa-</span> 
     </span>
     <span class='ocr_line' id='line_1_34' title="bbox 530 1901 1350 1944; baseline -0.005 0"><span class='ocrx_word' id='word_1_285' title='bbox 530 1907 640 1944; x_wconf 65' lang='lat' dir='ltr'>etum</span> <span class='ocrx_word' id='word_1_286' title='bbox 667 1905 720 1942; x_wconf 82' lang='lat' dir='ltr'>est</span> <span class='ocrx_word' id='word_1_287' title='bbox 738 1933 748 1939; x_wconf 36' lang='grc' dir='ltr'>Α</span> <span class='ocrx_word' id='word_1_288' title='bbox 1347 1901 1350 1903; x_wconf 82' lang='grc'><strong>’</strong></span> 
     </span>
    </p>

    <p class='ocr_par' dir='ltr' id='par_1_6' title="bbox 474 1952 1860 2673">
     <span class='ocr_line' id='line_1_35' title="bbox 474 1952 1860 2004; baseline -0.005 -6"><span class='ocrx_word' id='word_1_289' title='bbox 474 1958 747 1998; x_wconf 82' lang='lat' dir='ltr'>Advencrunt</span> <span class='ocrx_word' id='word_1_290' title='bbox 765 1962 980 2004; x_wconf 87' lang='lat' dir='ltr'>propterea</span> <span class='ocrx_word' id='word_1_291' title='bbox 998 1966 1138 2003; x_wconf 85' lang='lat' dir='ltr'>preces</span> <span class='ocrx_word' id='word_1_292' title='bbox 1164 1953 1343 2003; x_wconf 89' lang='lat' dir='ltr'>plurium</span> <span class='ocrx_word' id='word_1_293' title='bbox 1361 1965 1407 1991; x_wconf 85' lang='lat' dir='ltr'>ex</span> <span class='ocrx_word' id='word_1_294' title='bbox 1425 1952 1728 1991; x_wconf 88' lang='lat' dir='ltr'>communitate</span> <span class='ocrx_word' id='word_1_295' title='bbox 1760 1954 1801 1990; x_wconf 80' lang='lat' dir='ltr'>In</span> <span class='ocrx_word' id='word_1_296' title='bbox 1820 1966 1860 1991; x_wconf 77' lang='lat' dir='ltr'>a·</span> 
     </span>
     <span class='ocr_line' id='line_1_36' title="bbox 521 2004 1857 2061; baseline -0.004 -13"><span class='ocrx_word' id='word_1_297' title='bbox 521 2010 565 2048; x_wconf 75' lang='lat' dir='ltr'>lae</span> <span class='ocrx_word' id='word_1_298' title='bbox 578 2007 735 2061; x_wconf 73' lang='lat' dir='ltr'>Majoris</span> <span class='ocrx_word' id='word_1_299' title='bbox 748 2033 760 2051; x_wconf 92' lang='lat'>‚</span> <span class='ocrx_word' id='word_1_300' title='bbox 791 2007 992 2057; x_wconf 84' lang='lat' dir='ltr'>quiorant</span> <span class='ocrx_word' id='word_1_301' title='bbox 1007 2032 1019 2050; x_wconf 87' lang='lat'><strong>‚</strong></span> <span class='ocrx_word' id='word_1_302' title='bbox 1040 2016 1085 2046; x_wconf 94' lang='lat' dir='ltr'>ut</span> <span class='ocrx_word' id='word_1_303' title='bbox 1103 2006 1206 2046; x_wconf 90' lang='lat' dir='ltr'>nihil</span> <span class='ocrx_word' id='word_1_304' title='bbox 1228 2006 1324 2045; x_wconf 84' lang='lat' dir='ltr'>novi</span> <span class='ocrx_word' id='word_1_305' title='bbox 1355 2004 1534 2054; x_wconf 84' lang='lat' dir='ltr'>patiatur</span> <span class='ocrx_word' id='word_1_306' title='bbox 1552 2005 1639 2043; x_wconf 82' lang='lat' dir='ltr'>fieri</span> <span class='ocrx_word' id='word_1_307' title='bbox 1656 2035 1665 2044; x_wconf 88' lang='lat'><em>.</em></span> <span class='ocrx_word' id='word_1_308' title='bbox 1700 2004 1755 2042; x_wconf 82' lang='lat' dir='ltr'>Ex</span> <span class='ocrx_word' id='word_1_309' title='bbox 1773 2006 1857 2051; x_wconf 86' lang='lat' dir='ltr'>pri-</span> 
     </span>
     <span class='ocr_line' id='line_1_37' title="bbox 520 2057 1854 2106; baseline -0.003 -6"><span class='ocrx_word' id='word_1_310' title='bbox 520 2073 586 2100; x_wconf 91' lang='lat' dir='ltr'>ma</span> <span class='ocrx_word' id='word_1_311' title='bbox 604 2059 859 2106; x_wconf 86' lang='lat' dir='ltr'>conceffione</span> <span class='ocrx_word' id='word_1_312' title='bbox 875 2062 1071 2103; x_wconf 88' lang='lat' dir='ltr'>bonorum</span> <span class='ocrx_word' id='word_1_313' title='bbox 1086 2058 1286 2098; x_wconf 89' lang='lat' dir='ltr'>desertam</span> <span class='ocrx_word' id='word_1_314' title='bbox 1316 2059 1609 2096; x_wconf 85' lang='lat' dir='ltr'>habitatoribus</span> <span class='ocrx_word' id='word_1_315' title='bbox 1647 2057 1826 2095; x_wconf 89' lang='lat' dir='ltr'>Insulam</span> <span class='ocrx_word' id='word_1_316' title='bbox 1842 2087 1854 2096; x_wconf 89' lang='lat'>..</span> 
     </span>
     <span class='ocr_line' id='line_1_38' title="bbox 519 2109 1852 2159; baseline -0.003 -8"><span class='ocrx_word' id='word_1_317' title='bbox 519 2113 679 2152; x_wconf 84' lang='lat' dir='ltr'>Multas</span> <span class='ocrx_word' id='word_1_318' title='bbox 700 2111 878 2150; x_wconf 81' lang='lat' dir='ltr'>familias</span> <span class='ocrx_word' id='word_1_319' title='bbox 893 2111 1010 2149; x_wconf 86' lang='lat' dir='ltr'>illinc</span> <span class='ocrx_word' id='word_1_320' title='bbox 1028 2109 1239 2158; x_wconf 70' lang='lat' dir='ltr'>discessisse</span> <span class='ocrx_word' id='word_1_321' title='bbox 1253 2135 1265 2154; x_wconf 89' lang='lat'><strong>‚</strong></span> <span class='ocrx_word' id='word_1_322' title='bbox 1285 2110 1367 2149; x_wconf 87' lang='lat' dir='ltr'>alio</span> <span class='ocrx_word' id='word_1_323' title='bbox 1385 2110 1659 2159; x_wconf 86' lang='lat' dir='ltr'>commigrare</span> <span class='ocrx_word' id='word_1_324' title='bbox 1676 2110 1852 2148; x_wconf 68' lang='lat' dir='ltr'>coactas.</span> 
     </span>
     <span class='ocr_line' id='line_1_39' title="bbox 522 2161 1851 2216; baseline -0.005 -11"><span class='ocrx_word' id='word_1_325' title='bbox 522 2164 684 2205; x_wconf 85' lang='lat' dir='ltr'>Precari</span> <span class='ocrx_word' id='word_1_326' title='bbox 702 2163 896 2216; x_wconf 88' lang='lat' dir='ltr'>nunc‚qui</span> <span class='ocrx_word' id='word_1_327' title='bbox 909 2164 1134 2211; x_wconf 87' lang='lat' dir='ltr'>supersunt,</span> <span class='ocrx_word' id='word_1_328' title='bbox 1147 2175 1312 2204; x_wconf 76' lang='lat' dir='ltr'>exorare</span> <span class='ocrx_word' id='word_1_329' title='bbox 1328 2161 1493 2202; x_wconf 78' lang='lat' dir='ltr'>demisse</span> <span class='ocrx_word' id='word_1_330' title='bbox 1511 2175 1560 2201; x_wconf 90' lang='lat' dir='ltr'>ne</span> <span class='ocrx_word' id='word_1_331' title='bbox 1580 2161 1660 2200; x_wconf 86' lang='lat' dir='ltr'>suis</span> <span class='ocrx_word' id='word_1_332' title='bbox 1678 2162 1851 2200; x_wconf 86' lang='lat' dir='ltr'>miseriis</span> 
     </span>
     <span class='ocr_line' id='line_1_40' title="bbox 519 2213 1856 2261; baseline -0.002 -5"><span class='ocrx_word' id='word_1_333' title='bbox 519 2228 672 2256; x_wconf 83' lang='lat' dir='ltr'>novum</span> <span class='ocrx_word' id='word_1_334' title='bbox 689 2219 794 2255; x_wconf 89' lang='lat' dir='ltr'>hunc</span> <span class='ocrx_word' id='word_1_335' title='bbox 808 2217 965 2255; x_wconf 56' lang='lat' dir='ltr'>lustum</span> <span class='ocrx_word' id='word_1_336' title='bbox 982 2215 1178 2261; x_wconf 87' lang='lat' dir='ltr'>adjiciant</span> <span class='ocrx_word' id='word_1_337' title='bbox 1192 2246 1203 2261; x_wconf 70' lang='grc'>,</span> <span class='ocrx_word' id='word_1_338' title='bbox 1231 2214 1415 2257; x_wconf 83' lang='lat' dir='ltr'>Unicum</span> <span class='ocrx_word' id='word_1_339' title='bbox 1449 2226 1494 2254; x_wconf 86' lang='lat' dir='ltr'>ex</span> <span class='ocrx_word' id='word_1_340' title='bbox 1512 2215 1588 2253; x_wconf 85' lang='lat' dir='ltr'>suis</span> <span class='ocrx_word' id='word_1_341' title='bbox 1609 2213 1722 2255; x_wconf 79' lang='lat' dir='ltr'>bonis</span> <span class='ocrx_word' id='word_1_342' title='bbox 1751 2213 1856 2253; x_wconf 89' lang='lat' dir='ltr'>sola—-</span> 
     </span>
     <span class='ocr_line' id='line_1_41' title="bbox 520 2265 1849 2314; baseline -0.003 -5"><span class='ocrx_word' id='word_1_343' title='bbox 520 2270 629 2309; x_wconf 89' lang='lat' dir='ltr'>tium</span> <span class='ocrx_word' id='word_1_344' title='bbox 671 2269 860 2308; x_wconf 65' lang='lat' dir='ltr'>relit‘tum</span> <span class='ocrx_word' id='word_1_345' title='bbox 890 2267 1123 2314; x_wconf 79' lang='lat' dir='ltr'>infelicibus</span> <span class='ocrx_word' id='word_1_346' title='bbox 1154 2275 1273 2308; x_wconf 90' lang='lat' dir='ltr'>vetus</span> <span class='ocrx_word' id='word_1_347' title='bbox 1315 2269 1393 2311; x_wconf 85' lang='lat' dir='ltr'>hoc</span> <span class='ocrx_word' id='word_1_348' title='bbox 1431 2267 1590 2307; x_wconf 87' lang='lat' dir='ltr'>sacrum</span> <span class='ocrx_word' id='word_1_349' title='bbox 1635 2265 1816 2305; x_wconf 83' lang='lat' dir='ltr'>solemne</span> <span class='ocrx_word' id='word_1_350' title='bbox 1836 2292 1849 2311; x_wconf 92' lang='lat'>,</span> 
     </span>
     <span class='ocr_line' id='line_1_42' title="bbox 519 2318 1857 2369; baseline -0.004 -7"><span class='ocrx_word' id='word_1_351' title='bbox 519 2321 641 2362; x_wconf 87' lang='lat' dir='ltr'>unico</span> <span class='ocrx_word' id='word_1_352' title='bbox 679 2321 773 2361; x_wconf 86' lang='lat' dir='ltr'>anni</span> <span class='ocrx_word' id='word_1_353' title='bbox 817 2321 884 2361; x_wconf 90' lang='lat' dir='ltr'>die</span> <span class='ocrx_word' id='word_1_354' title='bbox 913 2347 926 2366; x_wconf 93' lang='lat'>‚</span> <span class='ocrx_word' id='word_1_355' title='bbox 978 2328 1044 2367; x_wconf 89' lang='lat' dir='ltr'>tot</span> <span class='ocrx_word' id='word_1_356' title='bbox 1078 2320 1347 2365; x_wconf 72' lang='lat' dir='ltr'>finitimorum</span> <span class='ocrx_word' id='word_1_357' title='bbox 1392 2318 1626 2369; x_wconf 72' lang='lat' dir='ltr'>frequentia</span> <span class='ocrx_word' id='word_1_358' title='bbox 1670 2319 1857 2357; x_wconf 87' lang='lat' dir='ltr'>celebra-</span> 
     </span>
     <span class='ocr_line' id='line_1_43' title="bbox 521 2368 1855 2423; baseline -0.003 -10"><span class='ocrx_word' id='word_1_359' title='bbox 521 2383 611 2414; x_wconf 87' lang='lat' dir='ltr'>tum</span> <span class='ocrx_word' id='word_1_360' title='bbox 654 2401 666 2420; x_wconf 69' lang='grc'><em>,</em></span> <span class='ocrx_word' id='word_1_361' title='bbox 711 2372 844 2413; x_wconf 89' lang='lat' dir='ltr'>Nulla</span> <span class='ocrx_word' id='word_1_362' title='bbox 881 2372 1049 2413; x_wconf 88' lang='lat' dir='ltr'>absurda</span> <span class='ocrx_word' id='word_1_363' title='bbox 1086 2374 1213 2423; x_wconf 87' lang='lat' dir='ltr'>usque</span> <span class='ocrx_word' id='word_1_364' title='bbox 1257 2372 1389 2410; x_wconf 89' lang='lat' dir='ltr'>adhuc</span> <span class='ocrx_word' id='word_1_365' title='bbox 1433 2368 1607 2417; x_wconf 76' lang='lat' dir='ltr'>evenisse</span> <span class='ocrx_word' id='word_1_366' title='bbox 1636 2399 1648 2409; x_wconf 91' lang='lat'><strong>.</strong></span> <span class='ocrx_word' id='word_1_367' title='bbox 1686 2369 1855 2410; x_wconf 83' lang='lat' dir='ltr'>Clamo·</span> 
     </span>
     <span class='ocr_line' id='line_1_44' title="bbox 518 2422 1854 2473; baseline -0.001 -9"><span class='ocrx_word' id='word_1_368' title='bbox 518 2438 609 2465; x_wconf 89' lang='lat' dir='ltr'>rum</span> <span class='ocrx_word' id='word_1_369' title='bbox 636 2425 908 2473; x_wconf 84' lang='lat' dir='ltr'>pleniffimam</span> <span class='ocrx_word' id='word_1_370' title='bbox 935 2428 1036 2465; x_wconf 89' lang='lat' dir='ltr'>hanc</span> <span class='ocrx_word' id='word_1_371' title='bbox 1065 2423 1247 2467; x_wconf 87' lang='lat' dir='ltr'>futuram</span> <span class='ocrx_word' id='word_1_372' title='bbox 1284 2424 1514 2467; x_wconf 87' lang='lat' dir='ltr'>novitatem</span> <span class='ocrx_word' id='word_1_373' title='bbox 1544 2452 1552 2461; x_wconf 92' lang='lat'>.</span> <span class='ocrx_word' id='word_1_374' title='bbox 1603 2422 1645 2461; x_wconf 91' lang='lat' dir='ltr'>Si</span> <span class='ocrx_word' id='word_1_375' title='bbox 1674 2424 1810 2470; x_wconf 79' lang='lat' dir='ltr'>placet</span> <span class='ocrx_word' id='word_1_376' title='bbox 1837 2447 1854 2468; x_wconf 85' lang='lat'><strong>‚</strong></span> 
     </span>
     <span class='ocr_line' id='line_1_45' title="bbox 517 2474 1851 2526; baseline -0.003 -10"><span class='ocrx_word' id='word_1_377' title='bbox 517 2478 746 2526; x_wconf 89' lang='lat' dir='ltr'>capitulum</span> <span class='ocrx_word' id='word_1_378' title='bbox 765 2480 867 2518; x_wconf 90' lang='lat' dir='ltr'>bona</span> <span class='ocrx_word' id='word_1_379' title='bbox 883 2479 1068 2519; x_wconf 86' lang='lat' dir='ltr'>restituat</span> <span class='ocrx_word' id='word_1_380' title='bbox 1084 2501 1098 2522; x_wconf 89' lang='lat'>‚</span> <span class='ocrx_word' id='word_1_381' title='bbox 1115 2477 1154 2516; x_wconf 90' lang='lat' dir='ltr'>se</span> <span class='ocrx_word' id='word_1_382' title='bbox 1171 2484 1331 2524; x_wconf 84' lang='lat' dir='ltr'>paratos</span> <span class='ocrx_word' id='word_1_383' title='bbox 1352 2474 1427 2514; x_wconf 85' lang='lat' dir='ltr'>esse</span> <span class='ocrx_word' id='word_1_384' title='bbox 1446 2475 1619 2523; x_wconf 84' lang='lat' dir='ltr'>praebere</span> <span class='ocrx_word' id='word_1_385' title='bbox 1646 2475 1851 2523; x_wconf 81' lang='lat' dir='ltr'>capitulo,</span> 
     </span>
     <span class='ocr_line' id='line_1_46' title="bbox 515 2527 1854 2581; baseline -0.001 -15"><span class='ocrx_word' id='word_1_386' title='bbox 515 2530 597 2567; x_wconf 84' lang='lat' dir='ltr'>fine</span> <span class='ocrx_word' id='word_1_387' title='bbox 613 2530 699 2568; x_wconf 88' lang='lat' dir='ltr'>ullo</span> <span class='ocrx_word' id='word_1_388' title='bbox 724 2532 812 2575; x_wconf 79' lang='lat' dir='ltr'>ejus</span> <span class='ocrx_word' id='word_1_389' title='bbox 830 2529 1044 2581; x_wconf 89' lang='lat' dir='ltr'>dispendio</span> <span class='ocrx_word' id='word_1_390' title='bbox 1061 2555 1074 2575; x_wconf 88' lang='lat'>‚</span> <span class='ocrx_word' id='word_1_391' title='bbox 1102 2529 1331 2568; x_wconf 87' lang='lat' dir='ltr'>finelabore</span> <span class='ocrx_word' id='word_1_392' title='bbox 1348 2552 1360 2571; x_wconf 90' lang='lat'><strong>‚</strong></span> <span class='ocrx_word' id='word_1_393' title='bbox 1393 2527 1472 2566; x_wconf 87' lang='lat' dir='ltr'>fine</span> <span class='ocrx_word' id='word_1_394' title='bbox 1490 2527 1719 2566; x_wconf 56' lang='lat' dir='ltr'>incomm02;</span> <span class='ocrx_word' id='word_1_395' title='bbox 1735 2543 1751 2563; x_wconf 15' lang='lat' dir='ltr'>a»</span> <span class='ocrx_word' id='word_1_396' title='bbox 1786 2541 1854 2565; x_wconf 88' lang='lat' dir='ltr'>an-</span> 
     </span>
     <span class='ocr_line' id='line_1_47' title="bbox 519 2578 1851 2671; baseline 0.002 -54"><span class='ocrx_word' id='word_1_397' title='bbox 519 2594 591 2671; x_wconf 54' lang='lat' dir='ltr'>mfiq</span> <span class='ocrx_word' id='word_1_398' title='bbox 610 2581 706 2628; x_wconf 80' lang='lat' dir='ltr'><em>scut.</em></span> <span class='ocrx_word' id='word_1_399' title='bbox 741 2596 829 2623; x_wconf 84' lang='lat'>100.</span> <span class='ocrx_word' id='word_1_400' title='bbox 864 2596 936 2634; x_wconf 88' lang='lat' dir='ltr'>pro</span> <span class='ocrx_word' id='word_1_401' title='bbox 964 2582 1138 2623; x_wconf 84' lang='lat' dir='ltr'>sacrario</span> <span class='ocrx_word' id='word_1_402' title='bbox 1163 2609 1173 2620; x_wconf 90' lang='lat'><em>.</em></span> <span class='ocrx_word' id='word_1_403' title='bbox 1215 2578 1472 2630; x_wconf 66' lang='lat' dir='ltr'>Expectanda</span> <span class='ocrx_word' id='word_1_404' title='bbox 1501 2590 1642 2619; x_wconf 83' lang='lat' dir='ltr'>eorum</span> <span class='ocrx_word' id='word_1_405' title='bbox 1675 2580 1851 2625; x_wconf 46' lang='lat' dir='ltr'>„eminio</span> 
     </span>
     <span class='ocr_line' id='line_1_48' title="bbox 528 2641 648 2673; baseline -0.008 -2"><span class='ocrx_word' id='word_1_406' title='bbox 528 2643 549 2671; x_wconf 70' lang='lat' dir='ltr'>C</span> <span class='ocrx_word' id='word_1_407' title='bbox 583 2641 648 2673; x_wconf 66' lang='lat' dir='ltr'>et.</span> 
     </span>
    </p>
   </div>
   <div class='ocr_carea' id='block_1_2' title="bbox 1689 2732 1854 2777">
    <p class='ocr_par' dir='ltr' id='par_1_7' title="bbox 1689 2732 1854 2777">
     <span class='ocr_line' id='line_1_49' title="bbox 1689 2732 1854 2777; baseline -0.006 -2"><span class='ocrx_word' id='word_1_408' title='bbox 1689 2751 1699 2775; x_wconf 84' lang='grc'>.·</span> <span class='ocrx_word' id='word_1_409' title='bbox 1728 2732 1854 2777; x_wconf 42' lang='lat' dir='ltr'>EQPR</span> 
     </span>
    </p>
   </div>
   <div class='ocr_carea' id='block_1_3' title="bbox 1691 2735 1720 2774">
    <p class='ocr_par' dir='ltr' id='par_1_8' title="bbox 1691 2735 1720 2774">
     <span class='ocr_line' id='line_1_50' title="bbox 1691 2735 1720 2774; textangle 90"><span class='ocrx_word' id='word_1_410' title='bbox 1691 2735 1720 2774; x_wconf 59' lang='grc' dir='ltr'>[ἦ</span> 
     </span>
    </p>
   </div>
  </div>
 </body>
</html>
