1981 2964
1459 121 1507 154 ¹77

138 160 297 207 Adjicit
313 170 400 199 rem
417 159 637 198 clariorem
657 158 743 200 fieri
763 171 808 200 ex
830 159 943 199 novis
959 158 1239 199 monumentis
1256 183 1268 203 ‚
1295 171 1380 210 quae
1400 160 1513 199 exhi-

189 216 257 252 bet
273 238 286 257 ‚
305 224 350 250 ex
369 212 512 260 quibus
531 219 643 258 patet
660 212 857 256 majorem
873 237 885 258 ‚
902 224 948 250 ac
964 212 1179 256 saniorem,
1197 213 1336 260 populi
1352 221 1513 259 partem

186 279 256 314 pro
275 266 312 304 se
327 264 402 303 esse
421 293 430 301 .
451 263 662 302 Excitatos
678 276 860 305 rumores
877 265 982 303 mala
999 273 1087 304 arte
1105 290 1118 310 ‚
1135 266 1172 304 S(
1190 263 1378 305 industria
1398 265 1513 313 Gros-

175 320 224 368 fii
241 317 462 363 ejusdem,
481 316 549 365 qui
570 327 716 362 paucos
736 318 810 355 suae
830 316 995 357 familiae
1012 316 1193 357 fautores
1208 337 1223 361 κ,
1255 317 1510 363 ςοιηύιῑᾶοε,

185 370 380 415 clientes,
396 368 561 409 rusticos
576 368 757 418 quidem,
774 370 877 419 quasi
892 382 963 419 pro
977 370 1108 420 patria
1123 368 1380 419 pugnandum
1397 368 1511 414 esset,

180 422 380 461 adversus
400 431 585 462 exterum
600 422 826 462 concitavit
841 451 851 461 .
882 424 1062 465 Centum
1077 422 1285 471 ot‘toginta
1301 419 1377 463 effe
1394 435 1415 461 e
1432 423 1510 460 Pa-

186 474 314 512 [ariolo
330 499 342 519 ,
374 475 442 525 qui
461 474 501 515 id
516 474 643 521 jurati
660 474 834 513 asserant
851 505 861 513 .
895 476 1108 514 Publicum
1124 474 1406 522 Magistratum
1427 473 1510 511 Col·

186 529 230 564 lis
247 530 375 576 Magni
393 553 404 571 ‚
423 539 469 566 ac
490 537 630 573 parem
649 538 865 572 numerum
883 529 1110 566 incolarum
1125 528 1361 573 juramento
1376 527 1510 576 prola-

187 589 231 618 to
250 579 383 619 testari
403 578 442 618 id
459 578 586 625 ipsum
606 607 616 619 .

135 632 266 672 Addit
293 633 373 670 duo
405 629 568 678 publica
598 630 859 671 instrumenta
878 658 890 676 ,
918 643 1042 671 unum
1067 633 1144 669 diei
1161 636 1196 670 8.
1216 630 1509 680 Mirtii1744.‚

182 697 261 735 quo
279 691 421 721 contra
435 693 600 720 omnem
613 683 713 728 juris
727 685 952 724 communis
979 685 1162 734 regulam
1176 683 1363 722 salvatori
1380 684 1510 730 Groffio

180 739 308 785 patri,
326 736 479 772 summa
496 745 589 773 curn
605 733 746 775 fraude
762 762 774 782 ,
801 736 996 778 aedelusa
1013 737 1123 776 curia
1141 763 1153 782 ‚
1182 736 1323 775 datum
1340 737 1392 774 est
1408 746 1509 784 prae-

183 787 297 827 dium
315 787 492 825 ecclefiae
510 788 782 834 parochialis,
814 802 934 838 quam
961 792 1111 837 Groffius
1133 790 1255 837 frater
1281 799 1378 828 tunc
1407 785 1508 826 reti-

180 841 326 879 nebat.
348 839 474 879 Aliud
495 839 676 884 ejusdem
696 840 812 888 ipsius
831 845 931 887 diei,
951 843 988 882 &
1012 846 1121 884 anni,
1156 854 1235 892 quo
1251 869 1263 887 ,
1281 850 1423 881 contra
1439 850 1508 878 ex·

179 888 353 939 pressum
378 891 539 939 paesium
571 891 608 933 in
630 893 892 932 antecedenti
920 894 1131 935 contrac‘tu
1150 894 1293 931 adhuc·
1311 893 1506 930 calente)

179 943 329 983 initum
347 967 359 988 ‚
378 942 574 989 proedium
595 943 824 990 ipsissimum
845 960 864 984 a
878 946 1087 990 salvatore,
1105 945 1303 983 insciente
1321 942 1508 986 ecclefia,

175 996 299 1038 alteri
320 995 459 1034 datum
479 996 531 1032 est
551 1023 560 1033 .
582 995 681 1034 Haec
698 1021 710 1040 ‚
730 997 861 1036 &alia
879 999 1063 1045 exempla
1082 996 1266 1037 timenda
1282 994 1358 1035 effe
1377 1023 1387 1033 .
1404 994 1505 1032 Haec

174 1051 215 1090 in
235 1048 352 1087 causa
373 1045 449 1086 effe
466 1070 480 1089 ‚
509 1055 553 1085 ut
580 1057 793 1088 vacantem
805 1050 1021 1090 ecclesiam
1039 1061 1143 1089 nunc
1162 1052 1237 1086 (ἔνο
1261 1053 1285 1088 ιι·
1298 1046 1478 1089 ambiant
1494 1077 1506 1089 ‚

171 1102 273 1141 Haec
288 1099 438 1146 facere,
457 1108 501 1138 ut
516 1108 581 1140 tot
599 1112 783 1143 rumores
797 1103 953 1147 cicant,
970 1111 1034 1142 tot
1053 1103 1274 1146 turbas,tot
1292 1101 1503 1148 adjutores

126 1195 130 1199 ,
174 1154 376 1194 advocent
392 1182 402 1195 0

125 1205 246 1247 Nihil
262 1205 510 1248 fafficontra
526 1205 565 1245 se
581 1206 780 1256 proponi.
814 1209 862 1249 Se
880 1218 974 1248 ante
991 1208 1232 1249 concursum
1266 1207 1303 1246 in
1334 1206 1381 1245 iis
1401 1205 1504 1243 locis

175 1270 398 1309 numquam
418 1259 653 1304 versatum,
683 1259 766 1297 imo
792 1261 993 1310 indigenis
1027 1261 1239 1311 cognitum
1267 1271 1345 1301 non,
1362 1255 1475 1296 fuiffe
1492 1285 1506 1294 .

177 1311 394 1350 Rationem
424 1311 584 1349 unicam
611 1312 841 1357 excerpsuse
861 1316 1032 1358 Groffium
1049 1338 1061 1355 ‚
1081 1322 1126 1353 ut
1146 1314 1304 1361 aliquos
1321 1322 1365 1348 ex
1387 1310 1502 1346 inco-

177 1364 230 1402 lis
243 1362 475 1400 concitaret
494 1386 506 1404 ,
540 1372 686 1406 nempe
717 1368 763 1397 ut
788 1372 933 1399 exterus
958 1362 1238 1408 expelleretur
1255 1391 1265 1399 .
1297 1360 1445 1399 Patere
1462 1358 1506 1398 id

181 1426 226 1454 ex
247 1413 327 1460 ipso
345 1412 525 1451 concilio
543 1411 707 1457 publico
738 1412 786 1450 ad
812 1413 1102 1453 concitandum
1118 1414 1313 1461 populum
1332 1412 1474 1451 coaffto
1493 1421 1504 1448 ε

177 1481 197 1504 a
211 1467 268 1504 chi
285 1466 345 1502 dei
361 1464 571 1511 duesbgetti
584 1465 760 1499 nominati
775 1464 931 1511 disopra
946 1465 1010 1511 ,se
1022 1465 1059 1499 al
1075 1467 1252 1502 cittadino
1274 1490 1286 1509 ,
1303 1479 1320 1501 o
1331 1465 1504 1512 forastic-

179 1532 216 1555 re
229 1517 390 1563 vogliono
406 1513 648 1560 acconsentire
665 1536 677 1556 ‚
711 1514 909 1562 accogliere
926 1541 935 1559 ,
966 1518 1009 1558 ὠ·
1019 1515 1270 1564 presciegliere
1288 1543 1298 1554 .
1330 1515 1502 1555 Virtute

176 1578 312 1607 autem
331 1568 465 1604 ambire
477 1572 689 1613 oportere,
707 1565 783 1609 ait,
802 1567 1263 1614 nonsavitorihus.Facile
1282 1564 1426 1611 esse,ut
1444 1568 1504 1603 ha:

177 1622 300 1660 turbae
316 1618 548 1657 excitentur
566 1617 715 1667 ubique
732 1618 1059 1661 semnerssstum
1071 1618 1149 1659 esse
1163 1620 1212 1659 de
1229 1618 1503 1661 concursibus,

179 1683 399 1720 corumque
428 1670 624 1708 libertate
639 1693 652 1713 ‚
688 1670 738 1709 de
764 1671 922 1716 judicio
939 1672 1229 1721 Episcoporum
1247 1698 1258 1716 ‚
1287 1671 1337 1710 de
1365 1669 1503 1711 literis

177 1722 421 1773 Apostolicis
440 1748 452 1765 ‚
471 1735 515 1761 ac
532 1734 612 1760 uno
627 1723 752 1761 verbo
765 1723 814 1763 de
827 1724 939 1763 omni
959 1725 1224 1764 ecclesiastica
1244 1725 1282 1763 in
1300 1721 1502 1769 ejusmodi

176 1779 290 1816 rebus
312 1775 523 1823 disciplina
541 1803 550 1814 .
566 1773 691 1819 Cujus
714 1776 892 1824 exempli
913 1777 1053 1827 itaque
1071 1776 1187 1822 ea,de
1204 1789 1280 1826 qua
1297 1786 1402 1814 nunc
1418 1775 1503 1823 agi·

179 1839 269 1872 tur,
288 1839 349 1866 res
370 1827 407 1866 in
428 1827 629 1874 posterum
645 1825 783 1867 futura
798 1828 844 1866 sit
859 1853 872 1873 ‚
891 1829 1095 1877 supplicat
1113 1838 1157 1869 ut
1173 1828 1414 1872 advertatur
1427 1856 1436 1866 .

128 1881 364 1922 Videndum
381 1892 428 1918 an
444 1891 618 1919 canones
637 1880 857 1929 loquantur
872 1881 1162 1921 tantummodo
1181 1881 1229 1920 de
1248 1884 1401 1929 pastore
1418 1880 1500 1927 post

171 1934 409 1973 diuturnum
424 1932 754 1978 experimentum
773 1932 913 1972 odioso
932 1960 945 1980 ,
975 1936 1014 1977 S<
1036 1937 1121 1983 jam
1148 1934 1316 1976 omnino
1337 1931 1497 1972 inutili,-

172 2000 217 2026 ac
234 1984 559 2033 distinguendum
578 1984 624 2023 fit
647 1985 754 2024 inter
772 1987 934 2033 culpam
949 1988 1060 2033 ejus,
1076 1989 1115 2028 Sc
1132 1998 1210 2025 non
1227 1987 1414 2033 culpam:
1433 1983 1503 2022 seu

171 2038 308 2087 potius
324 2035 605 2077 indifferenter
624 2037 869 2083 permittant
899 2040 1006 2087 plebi
1025 2039 1299 2090 perniciosam
1334 2038 1436 2075 hanc
1456 2035 1505 2072 li-

171 2091 354 2131 centiam
372 2088 582 2129 recusandi
601 2090 648 2129 ab
663 2089 785 2129 initio
803 2093 1013 2139 pastorem,
1033 2102 1156 2142 quem
1172 2090 1360 2139 legitima
1381 2095 1500 2134 pote-

172 2145 245 2182 stas
256 2141 384 2182 dedit.
403 2140 636 2182 Videndum
649 2152 723 2192 cap.
738 2145 802 2193 nist
815 2146 1032 2193 cumpridem
1044 2145 1245 2190 cle-renunc.
1264 2139 1504 2182 Videndum

175 2194 268 2250 quid
283 2193 460 2233 dixerint
476 2194 684 2234 canonistae
703 2222 712 2234 .
730 2196 954 2235 Dubitatur

223 2249 292 2290 An
302 2246 528 2297 sttstandum
542 2271 554 2292 ‚
572 2248 632 2287 vel
647 2249 887 2293 recedendum
901 2262 921 2286 a
936 2250 1058 2298 deczfis
1076 2275 1088 2296 ‚
1106 2253 1145 2289 in
1161 2247 1245 2300 casu
1260 2249 1334 2292 &a

330 2351 376 2391 In
393 2350 531 2391 decifis
546 2374 559 2397 ‚
576 2351 614 2391 ὃς
632 2352 806 2403 amplius
824 2380 835 2394 .

126 2503 237 2596 AE
255 2508 379 2549 SINA
401 2509 780 2569 cAPELLANIAE
798 2541 807 2551 .
836 2510 1117 2572 Qadraginta
1133 2513 1180 2551 ab
1193 2512 1289 2574 liinc
1304 2513 1418 2554 annis
1433 2508 1502 2552 cau
1526 2509 1688 2558 Sess.24.
1720 2523 1819 2566 cap.1
1832 2528 1866 2555 21

211 2612 217 2616 Ι
265 2562 547 2615 pellama,quae
562 2565 614 2603 est
632 2577 669 2603 in
686 2565 853 2604 ecclefia
870 2567 1093 2613 parochiali
1107 2567 1246 2614 oppidi
1264 2569 1308 2606 S.
1321 2565 1498 2604 Marcelli
1527 2564 1572 2602 de
1588 2565 1748 2612 Reform.

179 2611 358 2652 dioecefis
375 2617 661 2664 AEsinae‚c0a·.‘ta
679 2616 773 2661 fuit,
790 2617 967 2657 nelcitnr
987 2631 1033 2657 an
1054 2618 1314 2668 legitime‚ad
1335 2618 1499 2657 solven-

174 2661 273 2706 dum
292 2666 482 2708 comestas
503 2670 726 2709 camerales
744 2678 936 2721 tanquam
954 2670 1113 2713 laicalis
1128 2701 1138 2712 .
1173 2670 1294 2713 Nunc
1324 2670 1497 2723 impeti-

1425 2729 1496 2762 tur
