1986 2996
526 144 612 194 '23'2
985 158 1048 184 20.
1067 148 1278 195 Septembre
1297 151 1408 194 1766.

531 199 960 246 all'eddomadafitdetta
977 203 994 235 e*
1017 199 1136 248 disoli
1150 203 1283 237 tredici
1293 202 1454 238 canonici
1471 223 1484 242 ‚
1516 202 1559 243 &¹
1573 199 1605 236 il
1615 204 1769 240 medemo
1784 217 1848 240 non

532 258 626 294 entri
640 252 730 290 nelle
737 250 837 299 falle
853 250 950 288 delle
963 253 1063 295 dette
1093 253 1348 302 distribuzioni
1375 253 1583 301 quotidiam
1605 280 1614 290 .
1647 252 1737 292 Non
1766 256 1852 303 pla-

529 312 703 346 cuerunt
719 303 979 350 conditiones
994 308 1171 349 canonico,
1193 304 1289 355 qui,
1306 304 1495 354 legitime
1515 303 1779 352 interpellato
1793 321 1855 344 ca-

525 357 641 409 pitulo
657 355 706 397 ad
722 356 943 395 dicendum
975 356 1024 396 de
1057 357 1135 395 suis
1167 357 1322 402 juribus
1342 381 1355 401 ‚
1387 355 1553 395 demisse
1584 368 1684 402 nunc
1720 367 1858 396 exorat

530 410 617 449 Sac.
648 408 1023 458 Congregationem
1042 435 1054 454 ,
1074 418 1117 448 ut
1136 409 1354 460 integram,
1374 410 1412 449 ὃς
1428 410 1506 447 fine
1526 409 1612 447 ullo
1624 420 1765 457 opere,
1782 410 1852 449 vel

532 474 657 502 onere
675 470 793 500 vacat
806 461 941 500 ionem
960 473 1034 499 con
1054 461 1174 511 cedat
1193 491 1202 500 .

480 515 577 561 Non
592 513 769 553 dubitari
788 513 922 562 inquit
941 513 978 551 se
1009 525 1077 561 per
1098 515 1366 564 quadraginta
1386 539 1398 557 ‚
1428 514 1466 552 ὃς
1494 513 1670 560 amplius
1700 512 1852 556 solidos

527 579 654 607 annos
670 566 779 604 suam
794 578 961 613 operam
992 564 1254 605 laudabiliter
1286 564 1506 614 praestitilse
1524 595 1534 605 .
1565 565 1734 604 Certum
1768 569 1845 604 hoc

529 618 609 659 effe
627 630 673 657 ex
686 617 1166 667 testimonioEpiscopi,&
1184 619 1298 667 ipsius
1315 618 1463 671 capituli
1481 619 1651 657 universi
1664 630 1854 667 compro-

527 672 694 710 batione
713 701 721 709 .
740 669 834 710 Non
857 670 1122 708 invidendum
1139 672 1205 709 fibi
1224 674 1298 710 hoe
1317 670 1582 720 privilegium
1599 695 1612 714 ,
1632 670 1739 721 quod
1757 683 1853 708 om·-

526 723 643 763 nibus
663 723 870 772 hucusque
899 722 1042 772 datum
1072 724 1146 761 est.
1177 724 1384 762 Delendas
1414 731 1553 761 autem
1577 722 1854 767 conditiones,

528 787 625 825 quas
643 776 840 824 capitulum
856 787 933 813 non
950 774 1140 823 legitime
1159 776 1342 824 apposuit
1357 805 1365 814 .
1398 773 1569 813 Nullam
1587 774 1661 812 effe
1688 774 1849 813 causam

525 827 756 877 denegandi
775 856 785 866 .
820 826 925 865 Satis
945 825 1021 865 esse
1038 838 1108 874 pro
1130 829 1299 867 servitio
1316 854 1327 872 ‚
1356 828 1393 866 ἓ(
1421 828 1536 865 cultu
1557 827 1731 865 ecclesiae
1749 826 1849 873 reli-

525 891 625 930 quos
648 880 777 925 socios
795 905 807 924 ‚
826 879 894 930 qui
912 879 938 916 fi
958 879 1014 918 ita
1031 879 1197 919 laudate
1212 881 1365 919 faciant
1380 906 1391 924 ,
1411 887 1454 916 ut
1473 879 1555 928 ipse
1574 878 1676 917 fecit
1695 906 1706 924 ,
1725 880 1763 918 ὃς
1783 892 1850 918 ec-

523 932 645 970 clefia
660 931 802 970 debito
819 931 989 969 servitio
1008 944 1086 969 non
1105 933 1259 971 carebit
1278 959 1290 977 ,
1318 933 1354 970 8<
1380 934 1481 969 hanc
1514 931 1637 979 ipsam
1665 931 1847 975 veniam,

523 992 571 1021 ut
592 983 672 1030 ipse
690 984 811 1021 habet
831 1009 845 1027 ,
877 991 1071 1031 poterunt
1086 984 1306 1034 aliquando
1324 982 1603 1021 commeruiffe
1621 1013 1629 1020 .
1663 983 1712 1021 Se
1732 982 1841 1021 ultra-¹

525 1034 785 1083 septuaginta
810 1045 933 1072 annos
968 1032 1117 1074 habere
1147 1036 1278 1074 aetatis
1295 1064 1303 1073 .
1335 1035 1429 1072 Non
1471 1035 1599 1072 solum
1629 1035 1850 1073 senet‘iutis

524 1087 704 1124 naturali
721 1085 944 1134 gravedine
975 1086 1240 1135 languescere
1259 1114 1273 1132 ,
1302 1087 1369 1124 sed
1401 1086 1676 1133 peculiaribus
1704 1087 1853 1124 morbis

530 1138 626 1175 fatis
646 1137 906 1176 incommode
929 1138 1154 1176 confimari
1168 1169 1177 1177 .

472 1190 705 1239 Capitulum,
723 1190 824 1228 licet
844 1201 866 1227 a
883 1190 1096 1237 praeterito
1113 1188 1250 1230 mense
1273 1190 1381 1240 Julio
1404 1189 1611 1228 monitum
1628 1213 1641 1233 ‚
1663 1189 1764 1227 nihil
1782 1189 1853 1230 de-

527 1241 591 1279 dit
608 1242 738 1280 adhuc
760 1272 768 1280 .

468 1292 645 1333 Nullum
665 1295 713 1333 de
730 1296 996 1342 perpetua,ob
1012 1295 1141 1333 solum
1160 1296 1326 1345 longum
1354 1296 1571 1334 servitium
1601 1295 1816 1333 vacatione
1830 1321 1842 1339 ,

518 1347 843 1396 quam,0blaetam
860 1347 1201 1400 rem‚juhilationem
1218 1349 1427 1395 dicunt,ex
1445 1349 1544 1394 juris
1563 1348 1746 1385 canonici
1762 1348 1851 1385 san-

513 1398 657 1437 stione
674 1400 939 1448 privilegium
956 1402 1127 1439 habetur
1144 1430 1153 1439 .
1174 1401 1397 1440 Veteranis
1412 1402 1515 1439 olim
1531 1399 1747 1442 militibus,
1767 1400 1849 1447 post

516 1452 664 1490 vicena
679 1451 872 1500 stipendia
888 1453 1091 1496 emeritis,
1109 1456 1192 1491 haec
1211 1454 1372 1493 vacatio
1393 1452 1692 1491 concedebatur
1707 1465 1720 1491 ,·
1741 1451 1849 1499 opti-

519 1515 591 1542 mo
610 1504 700 1542 sane
717 1505 883 1544 consilio
902 1529 913 1547 ‚
945 1514 989 1543 ut
1008 1505 1193 1545 homines
1227 1506 1276 1544 ad
1303 1505 1497 1544 militiam
1531 1505 1707 1549 libenter
1731 1503 1848 1541 veni-

519 1564 630 1599 rent,
657 1556 694 1594 ἃ
714 1556 807 1606 quia
823 1559 903 1606 post
921 1557 1071 1606 viginti
1088 1557 1210 1597 annos
1228 1584 1240 1602 ,
1271 1558 1337 1608 qui
1355 1560 1453 1596 bene
1476 1566 1681 1595 meruerat
1711 1556 1851 1600 miles,

514 1609 600 1654 jam
642 1608 812 1658 debilis,
840 1608 1066 1661 fractusque
1097 1635 1109 1653 ‚
1153 1622 1229 1648 non
1270 1610 1318 1648 ad
1352 1610 1436 1648 vim
1456 1635 1468 1653 ‚
1502 1610 1540 1646 8<
1567 1610 1685 1645 robur
1710 1609 1848 1655 copia-

516 1672 607 1697 rum
623 1685 635 1704 ‚
665 1659 731 1699 sed
749 1660 1028 1701 adnumerum
1043 1662 1256 1702 inutiliter
1276 1661 1509 1712 augendum
1525 1660 1738 1698 videbatur
1758 1659 1848 1698 ido—

519 1723 621 1751 neus
637 1742 647 1751 .
991 1729 993 1733 ¹

465 1763 614 1814 Neque
632 1765 758 1810 solam
777 1768 984 1812 honestam
1000 1767 1230 1808 miffionem
1251 1781 1271 1806 a
1291 1766 1444 1806 militia
1461 1763 1735 1805 concedebant
1753 1777 1846 1803 con-

515 1816 729 1871 sultiffime
747 1842 758 1860 ‚
778 1820 843 1857 sed
864 1832 1168 1869 quamcumque
1212 1820 1390 1858 muneris
1408 1820 1490 1857 five
1519 1815 1701 1866 publici,
1736 1817 1844 1856 siv-2>

513 1867 653 1906 clvilis
669 1870 930 1908 vacationem
946 1883 956 1907 ε
981 1873 1169 1908 veteranis
1192 1896 1204 1915 ,
1227 1875 1289 1918 qui
1306 1884 1344 1906 m
1357 1871 1495 1917 legione
1507 1895 1520 1913 ‚
1536 1869 1597 1906 vel
1610 1868 1847 1907 vexillatione

512 1917 734 1964 militantes,
753 1922 826 1970 post
842 1923 1195 1972 vicestmastipendia
1211 1923 1384 1972 honestam
1399 1947 1411 1965 ‚
1429 1921 1491 1958 vel
1508 1921 1712 1968 causariam
1726 1924 1846 1970 miffi'o-

512 1983 591 2008 nem
605 1971 780 2017 consecuti
785 1974 889 2020 sunt,
908 1973 1067 2017 onerum,
1089 1977 1132 2017 &¹
1144 1987 1332 2011 munerum
1344 1974 1582 2022 personalium
1615 1977 1839 2011 vacationem

512 2023 725 2068 conceffimus
740 2025 960 2068 habeturin
973 2026 1044 2069 l.9.
1062 2038 1093 2062 c.
1111 2038 1216 2071 quan.
1233 2034 1338 2071 prov.
1358 2038 1426 2062 non
1439 2050 1453 2066 ,
1472 2029 1513 2067 &
1527 2026 1554 2062 l.
1575 2028 1612 2063 6.
1630 2025 1675 2062 de
1690 2038 1808 2066 vacat.
1824 2051 1840 2071 ‚

519 2078 564 2118 (ἓν
577 2074 695 2122 excus.
713 2088 809 2114 mun.
1749 2081 1754 2083 ’

465 2132 554 2170 Imo
567 2153 578 2172 ,
597 2127 632 2165 Sc
650 2127 795 2175 praedia
812 2127 1052 2177 quandoque
1083 2128 1365 2168 attribuebant
1383 2139 1454 2175 pro
1471 2129 1639 2177 praemio
1659 2155 1671 2174 ,
1685 2131 1722 2168 Sc
1740 2139 1835 2175 prae-

512 2179 652 2219 sertim
668 2177 811 2218 fundos
827 2180 1046 2228 lzmitrophos
1062 2205 1074 2224 ‚
1093 2190 1138 2220 ut
1157 2180 1320 2228 imperii
1340 2181 1483 2219 limina
1502 2181 1739 2229 diligentius
1767 2192 1836 2227 per

511 2243 579 2270 eos
595 2231 764 2270 colonos
779 2232 1092 2279 custodirentur·,·
1109 2245 1155 2272 ac
1174 2246 1251 2272 non
1269 2234 1398 2272 solum
1414 2233 1533 2281 ipsos,
1549 2244 1687 2272 verum
1706 2231 1836 2270 etiam

506 2283 613 2322 filios
631 2284 847 2330 permultis
869 2285 1096 2333 privilegiis
1116 2312 1127 2331 ‚
1148 2286 1384 2329 honoribus,
1406 2286 1443 2324 Sc
1457 2297 1666 2333 poenarum
1685 2283 1831 2322 immu-

505 2335 703 2374 nitatibus
720 2336 922 2375 donarunt
936 2367 945 2375 .
970 2336 1133 2386 Integer
1154 2340 1301 2378 titulus
1319 2340 1370 2378 est
1389 2338 1545 2376 inlibris
1558 2336 1677 2385 digest.
1696 2337 1738 2372 de
1749 2340 1827 2384 pri-

506 2389 651 2436 vilegiis
667 2398 920 2426 veteranorum
938 2413 950 2432 ,
966 2393 1008 2432 &¹
1026 2392 1100 2428 cod.
1118 2392 1179 2428 hb.
1191 2405 1204 2428 1
1218 2405 1250 2429 2.
1271 2392 1315 2428 de
1345 2394 1523 2429 veteranis
1539 2414 1551 2433 ‚
1584 2389 1624 2426 in
1641 2400 1720 2438 quo
1748 2389 1836 2437 pul-

504 2441 710 2478 cherrima
737 2441 918 2489 quaedam
943 2440 1039 2480 facti
1062 2443 1214 2491 species
1234 2444 1404 2482 habetur
1427 2447 1463 2479 in
1481 2442 1590 2488 leg.1.

455 2491 522 2539 Ad
538 2493 771 2539 exemplum
791 2493 908 2539 illud,
927 2495 1053 2532 etiam
1089 2495 1260 2540 publicis
1293 2492 1574 2543 proiesibribus
1593 2492 1837 2531 honoraria..-

504 2543 638 2586 'miffio
657 2556 749 2583 cum
769 2547 983 2585 vacatione
1001 2547 1147 2585 laboris
1164 2571 1177 2592 ,
1193 2547 1230 2586 Sc
1250 2546 1478 2595 privilegiis
1494 2544 1588 2583 data
1605 2547 1680 2583 est:
1699 2549 1836 2582 Gram-

506 2597 650 2646 maticos
667 2607 742 2633 tam
762 2602 898 2636 sfraecos
920 2624 933 2642 ‚
950 2612 1057 2648 quam
1073 2602 1217 2637 Latinos
1236 2625 1248 2644 ‚
1265 2599 1440 2646 Sophistas
1459 2622 1471 2641 ‚
1506 2597 1776 2651 &jurisperitos
1793 2601 1831 2634 in

503 2646 570 2687 hac
587 2651 685 2693 regia
705 2651 788 2686 urbe
797 2651 1034 2697 profeffio‘nem
1045 2653 1154 2700 fitam
1170 2660 1374 2689 exercentes
1389 2676 1400 2693 ,
1429 2653 1471 2693 &⁸
1487 2654 1584 2686 inter
1587 2650 1738 2698 statutos
1753 2663 1833 2686 con·-

501 2708 703 2743 &umeratos
722 2701 774 2749 ,ſs
786 2701 1010 2742 laudabilem
1024 2707 1062 2743 in
1071 2705 1116 2755 se
1126 2706 1243 2754 probis
1271 2705 1424 2743 moribus
1449 2706 1565 2742 vitam
1582 2701 1650 2752 effe
1664 2714 1742 2739 mon
1770 2714 1834 2738 να-

561 2764 564 2766 t
1764 2758 1831 2787 ΨΑ
