<?xml version="1.0" encoding="UTF-8"?>
<!DOCTYPE html PUBLIC "-//W3C//DTD XHTML 1.0 Transitional//EN"
    "http://www.w3.org/TR/xhtml1/DTD/xhtml1-transitional.dtd">
<html xmlns="http://www.w3.org/1999/xhtml" xml:lang="en" lang="en">
 <head>
  <title>
</title>
<meta http-equiv="Content-Type" content="text/html;charset=utf-8" />
  <meta name='ocr-system' content='tesseract 3.04.00' />
  <meta name='ocr-capabilities' content='ocr_page ocr_carea ocr_par ocr_line ocrx_word'/>
</head>
<body>
  <div class='ocr_page' id='page_1' title='image "./thesaurusresolut34cath_0489.png"; bbox 0 0 1986 2996; ppageno 0'>
   <div class='ocr_carea' id='block_1_1' title="bbox 96 157 1841 2796">
    <p class='ocr_par' dir='ltr' id='par_1_1' title="bbox 162 157 1841 455">
     <span class='ocr_line' id='line_1_1' title="bbox 1419 157 1491 187; baseline -0.014 -5"><span class='ocrx_word' id='word_1_1' title='bbox 1419 157 1491 187; x_wconf 79' lang='lat'>203</span> 
     </span>
     <span class='ocr_line' id='line_1_2' title="bbox 210 183 1841 245; baseline 0.006 -23"><span class='ocrx_word' id='word_1_2' title='bbox 210 183 439 229; x_wconf 81' lang='lat' dir='ltr'>RBINAT.</span> <span class='ocrx_word' id='word_1_3' title='bbox 497 186 882 234; x_wconf 74' lang='lat' dir='ltr'>PAROCHIAHS</span> <span class='ocrx_word' id='word_1_4' title='bbox 916 224 926 234; x_wconf 87' lang='lat'>.</span> <span class='ocrx_word' id='word_1_5' title='bbox 981 195 1128 234; x_wconf 74' lang='lat' dir='ltr'>Carolus</span> <span class='ocrx_word' id='word_1_6' title='bbox 1161 195 1350 232; x_wconf 76' lang='lat' dir='ltr'>Antonius</span> <span class='ocrx_word' id='word_1_7' title='bbox 1384 197 1485 234; x_wconf 83' lang='lat' dir='ltr'>Cali-</span> <span class='ocrx_word' id='word_1_8' title='bbox 1520 196 1684 244; x_wconf 79' lang='lat' dir='ltr'>Sess.24.</span> <span class='ocrx_word' id='word_1_9' title='bbox 1701 206 1798 245; x_wconf 57' lang='lat' dir='ltr'>caput</span> <span class='ocrx_word' id='word_1_10' title='bbox 1810 201 1841 233; x_wconf 76' lang='lat' dir='ltr'>i.</span> 
     </span>
     <span class='ocr_line' id='line_1_3' title="bbox 212 238 1746 298; baseline 0.008 -24"><span class='ocrx_word' id='word_1_11' title='bbox 212 238 284 286; x_wconf 77' lang='lat' dir='ltr'>stri</span> <span class='ocrx_word' id='word_1_12' title='bbox 299 241 559 282; x_wconf 81' lang='lat' dir='ltr'>eFirminiano</span> <span class='ocrx_word' id='word_1_13' title='bbox 579 248 750 286; x_wconf 69' lang='lat' dir='ltr'>vrbinat.</span> <span class='ocrx_word' id='word_1_14' title='bbox 769 251 919 298; x_wconf 75' lang='lat' dir='ltr'>diaecesis</span> <span class='ocrx_word' id='word_1_15' title='bbox 937 249 1204 298; x_wconf 80' lang='lat' dir='ltr'>conqueritur</span> <span class='ocrx_word' id='word_1_16' title='bbox 1217 249 1266 287; x_wconf 87' lang='lat' dir='ltr'>de</span> <span class='ocrx_word' id='word_1_17' title='bbox 1283 248 1416 287; x_wconf 60' lang='lat' dir='ltr'>Clekqo</span> <span class='ocrx_word' id='word_1_18' title='bbox 1430 249 1480 287; x_wconf 78' lang='lat' dir='ltr'>ad</span> <span class='ocrx_word' id='word_1_19' title='bbox 1525 250 1570 284; x_wconf 82' lang='lat' dir='ltr'>de</span> <span class='ocrx_word' id='word_1_20' title='bbox 1586 248 1746 294; x_wconf 68' lang='lat' dir='ltr'>Reform.</span> 
     </span>
     <span class='ocr_line' id='line_1_4' title="bbox 162 296 1480 348; baseline 0.002 -12"><span class='ocrx_word' id='word_1_21' title='bbox 162 296 376 338; x_wconf 81' lang='lat' dir='ltr'>eccleliam</span> <span class='ocrx_word' id='word_1_22' title='bbox 396 298 443 335; x_wconf 85' lang='lat' dir='ltr'>S.</span> <span class='ocrx_word' id='word_1_23' title='bbox 463 298 692 337; x_wconf 67' lang='lat' dir='ltr'>Veneranda</span> <span class='ocrx_word' id='word_1_24' title='bbox 705 302 986 348; x_wconf 77' lang='lat' dir='ltr'>parochialem</span> <span class='ocrx_word' id='word_1_25' title='bbox 1007 302 1147 348; x_wconf 62' lang='lat' dir='ltr'>patriae</span> <span class='ocrx_word' id='word_1_26' title='bbox 1170 301 1339 337; x_wconf 83' lang='lat' dir='ltr'>Antonio</span> <span class='ocrx_word' id='word_1_27' title='bbox 1352 304 1480 338; x_wconf 82' lang='lat' dir='ltr'>Maria</span> 
     </span>
     <span class='ocr_line' id='line_1_5' title="bbox 162 350 1484 400; baseline 0.003 -11"><span class='ocrx_word' id='word_1_28' title='bbox 162 353 294 389; x_wconf 77' lang='lat' dir='ltr'>Mauro</span> <span class='ocrx_word' id='word_1_29' title='bbox 308 350 523 389; x_wconf 69' lang='lat' dir='ltr'>feretrano.</span> <span class='ocrx_word' id='word_1_30' title='bbox 556 350 672 390; x_wconf 82' lang='lat' dir='ltr'>Dicit</span> <span class='ocrx_word' id='word_1_31' title='bbox 688 353 794 392; x_wconf 83' lang='lat' dir='ltr'>male</span> <span class='ocrx_word' id='word_1_32' title='bbox 813 355 1110 392; x_wconf 72' lang='lat' dir='ltr'>examinatores</span> <span class='ocrx_word' id='word_1_33' title='bbox 1127 352 1323 400; x_wconf 72' lang='lat' dir='ltr'>‚retulisse</span> <span class='ocrx_word' id='word_1_34' title='bbox 1340 380 1351 399; x_wconf 91' lang='lat'>,</span> <span class='ocrx_word' id='word_1_35' title='bbox 1385 354 1484 393; x_wconf 74' lang='lat' dir='ltr'>irra-</span> 
     </span>
     <span class='ocr_line' id='line_1_6' title="bbox 166 401 1067 455; baseline 0 -13"><span class='ocrx_word' id='word_1_36' title='bbox 166 401 364 442; x_wconf 79' lang='lat' dir='ltr'>tionabile</span> <span class='ocrx_word' id='word_1_37' title='bbox 380 402 582 448; x_wconf 81' lang='lat' dir='ltr'>judicium</span> <span class='ocrx_word' id='word_1_38' title='bbox 599 402 1038 455; x_wconf 77' lang='lat' dir='ltr'>fuisseArchiepiscopi</span> <span class='ocrx_word' id='word_1_39' title='bbox 1057 433 1067 442; x_wconf 90' lang='lat'><strong>.</strong></span> 
     </span>
    </p>

    <p class='ocr_par' dir='ltr' id='par_1_2' title="bbox 113 453 1541 765">
     <span class='ocr_line' id='line_1_7' title="bbox 113 453 1485 507; baseline 0.001 -12"><span class='ocrx_word' id='word_1_40' title='bbox 113 456 175 495; x_wconf 88' lang='lat' dir='ltr'>De</span> <span class='ocrx_word' id='word_1_41' title='bbox 193 453 378 494; x_wconf 61' lang='lat' dir='ltr'>doetrina</span> <span class='ocrx_word' id='word_1_42' title='bbox 394 480 408 499; x_wconf 91' lang='lat'>‚</span> <span class='ocrx_word' id='word_1_43' title='bbox 426 454 501 499; x_wconf 83' lang='lat' dir='ltr'>ait,</span> <span class='ocrx_word' id='word_1_44' title='bbox 518 456 654 495; x_wconf 80' lang='lat' dir='ltr'>haberi</span> <span class='ocrx_word' id='word_1_45' title='bbox 672 457 781 496; x_wconf 87' lang='lat' dir='ltr'>inter</span> <span class='ocrx_word' id='word_1_46' title='bbox 797 466 1063 496; x_wconf 80' lang='lat' dir='ltr'>monumenta</span> <span class='ocrx_word' id='word_1_47' title='bbox 1076 458 1202 496; x_wconf 72' lang='lat' dir='ltr'>causae</span> <span class='ocrx_word' id='word_1_48' title='bbox 1222 459 1307 497; x_wconf 82' lang='lat' dir='ltr'>suas</span> <span class='ocrx_word' id='word_1_49' title='bbox 1323 460 1485 507; x_wconf 81' lang='lat' dir='ltr'>respon-</span> 
     </span>
     <span class='ocr_line' id='line_1_8' title="bbox 163 506 1480 555; baseline 0.002 -10"><span class='ocrx_word' id='word_1_50' title='bbox 163 510 307 549; x_wconf 82' lang='lat' dir='ltr'>fiones‚</span> <span class='ocrx_word' id='word_1_51' title='bbox 326 506 434 546; x_wconf 87' lang='lat' dir='ltr'>suam</span> <span class='ocrx_word' id='word_1_52' title='bbox 446 508 777 554; x_wconf 81' lang='lat' dir='ltr'><strong>conciunculam,</strong></span> <span class='ocrx_word' id='word_1_53' title='bbox 793 522 840 548; x_wconf 78' lang='lat' dir='ltr'>ac</span> <span class='ocrx_word' id='word_1_54' title='bbox 860 510 1062 555; x_wconf 73' lang='lat' dir='ltr'>judicium</span> <span class='ocrx_word' id='word_1_55' title='bbox 1080 509 1129 548; x_wconf 82' lang='lat' dir='ltr'>de</span> <span class='ocrx_word' id='word_1_56' title='bbox 1148 513 1208 549; x_wconf 75' lang='lat' dir='ltr'>liis</span> <span class='ocrx_word' id='word_1_57' title='bbox 1227 511 1399 550; x_wconf 79' lang='lat' dir='ltr'>duorum</span> <span class='ocrx_word' id='word_1_58' title='bbox 1418 512 1480 549; x_wconf 88' lang='lat' dir='ltr'>in·</span> 
     </span>
     <span class='ocr_line' id='line_1_9' title="bbox 172 558 1541 615; baseline 0.004 -19"><span class='ocrx_word' id='word_1_59' title='bbox 172 559 342 608; x_wconf 67' lang='lat' dir='ltr'>lignium</span> <span class='ocrx_word' id='word_1_60' title='bbox 369 560 608 608; x_wconf 78' lang='lat' dir='ltr'><em>theologorum</em></span> <span class='ocrx_word' id='word_1_61' title='bbox 638 558 754 599; x_wconf 77' lang='lat' dir='ltr'>Urbis</span> <span class='ocrx_word' id='word_1_62' title='bbox 786 591 797 600; x_wconf 90' lang='lat'><em>.</em></span> <span class='ocrx_word' id='word_1_63' title='bbox 829 562 982 601; x_wconf 85' lang='lat' dir='ltr'>Haberi</span> <span class='ocrx_word' id='word_1_64' title='bbox 1011 562 1147 599; x_wconf 84' lang='lat' dir='ltr'>omnia</span> <span class='ocrx_word' id='word_1_65' title='bbox 1164 587 1177 606; x_wconf 87' lang='lat'>,</span> <span class='ocrx_word' id='word_1_66' title='bbox 1216 576 1298 611; x_wconf 69' lang='lat' dir='ltr'>qua:</span> <span class='ocrx_word' id='word_1_67' title='bbox 1329 564 1482 609; x_wconf 71' lang='lat' dir='ltr'>scripfit</span> <span class='ocrx_word' id='word_1_68' title='bbox 1526 607 1541 615; x_wconf 36' lang='grc' dir='ltr'><strong><em>ο</em></strong></span> 
     </span>
     <span class='ocr_line' id='line_1_10' title="bbox 168 611 1480 660; baseline 0.002 -10"><span class='ocrx_word' id='word_1_69' title='bbox 168 615 343 656; x_wconf 76' lang='lat' dir='ltr'>Maurus,</span> <span class='ocrx_word' id='word_1_70' title='bbox 359 621 405 650; x_wconf 91' lang='lat' dir='ltr'>ut</span> <span class='ocrx_word' id='word_1_71' title='bbox 423 611 556 651; x_wconf 85' lang='lat' dir='ltr'>videri</span> <span class='ocrx_word' id='word_1_72' title='bbox 573 612 690 660; x_wconf 82' lang='lat' dir='ltr'>poflit</span> <span class='ocrx_word' id='word_1_73' title='bbox 717 613 755 652; x_wconf 91' lang='lat' dir='ltr'>se</span> <span class='ocrx_word' id='word_1_74' title='bbox 785 615 924 660; x_wconf 73' lang='lat' dir='ltr'>injuste</span> <span class='ocrx_word' id='word_1_75' title='bbox 955 615 1149 658; x_wconf 62' lang='lat' dir='ltr'>rejestum</span> <span class='ocrx_word' id='word_1_76' title='bbox 1166 644 1175 653; x_wconf 90' lang='lat'><strong>.</strong></span> <span class='ocrx_word' id='word_1_77' title='bbox 1206 615 1480 653; x_wconf 81' lang='lat' dir='ltr'>Examinatores</span> 
     </span>
     <span class='ocr_line' id='line_1_11' title="bbox 165 664 1481 716; baseline 0.002 -15"><span class='ocrx_word' id='word_1_78' title='bbox 165 667 219 702; x_wconf 73' lang='lat' dir='ltr'>de</span> <span class='ocrx_word' id='word_1_79' title='bbox 235 664 417 702; x_wconf 66' lang='lat' dir='ltr'>dostrina</span> <span class='ocrx_word' id='word_1_80' title='bbox 433 672 595 702; x_wconf 84' lang='lat' dir='ltr'>tantum</span> <span class='ocrx_word' id='word_1_81' title='bbox 615 665 822 706; x_wconf 69' lang='lat' dir='ltr'>retuliffe5</span> <span class='ocrx_word' id='word_1_82' title='bbox 852 678 929 704; x_wconf 87' lang='lat' dir='ltr'>non</span> <span class='ocrx_word' id='word_1_83' title='bbox 958 664 1127 715; x_wconf 77' lang='lat' dir='ltr'>potuisse</span> <span class='ocrx_word' id='word_1_84' title='bbox 1154 666 1281 716; x_wconf 81' lang='lat' dir='ltr'>igitur</span> <span class='ocrx_word' id='word_1_85' title='bbox 1307 676 1481 706; x_wconf 58' lang='lat' dir='ltr'>contra-2</span> 
     </span>
     <span class='ocr_line' id='line_1_12' title="bbox 171 717 966 765; baseline 0.003 -12"><span class='ocrx_word' id='word_1_86' title='bbox 171 717 392 756; x_wconf 86' lang='lat' dir='ltr'>veritatem</span> <span class='ocrx_word' id='word_1_87' title='bbox 410 726 595 765; x_wconf 79' lang='lat' dir='ltr'>apertam</span> <span class='ocrx_word' id='word_1_88' title='bbox 611 717 798 765; x_wconf 66' lang='lat' dir='ltr'>praeferre</span> <span class='ocrx_word' id='word_1_89' title='bbox 813 718 940 756; x_wconf 86' lang='lat' dir='ltr'>alium</span> <span class='ocrx_word' id='word_1_90' title='bbox 956 747 966 755; x_wconf 93' lang='lat'><strong>.</strong></span> 
     </span>
    </p>

    <p class='ocr_par' dir='ltr' id='par_1_3' title="bbox 120 768 1483 1077">
     <span class='ocr_line' id='line_1_13' title="bbox 120 768 1483 821; baseline 0.002 -15"><span class='ocrx_word' id='word_1_91' title='bbox 120 770 195 807; x_wconf 80' lang='lat' dir='ltr'>Sua</span> <span class='ocrx_word' id='word_1_92' title='bbox 215 768 364 807; x_wconf 83' lang='lat' dir='ltr'>merita</span> <span class='ocrx_word' id='word_1_93' title='bbox 382 791 396 811; x_wconf 85' lang='lat'>‚</span> <span class='ocrx_word' id='word_1_94' title='bbox 409 769 447 808; x_wconf 83' lang='lat'>&amp;</span> <span class='ocrx_word' id='word_1_95' title='bbox 464 768 686 818; x_wconf 81' lang='lat' dir='ltr'>qualitates</span> <span class='ocrx_word' id='word_1_96' title='bbox 700 770 866 818; x_wconf 82' lang='lat' dir='ltr'>exponit</span> <span class='ocrx_word' id='word_1_97' title='bbox 879 795 892 813; x_wconf 87' lang='lat'>‚</span> <span class='ocrx_word' id='word_1_98' title='bbox 922 771 987 809; x_wconf 82' lang='lat' dir='ltr'>sua</span> <span class='ocrx_word' id='word_1_99' title='bbox 1001 770 1125 810; x_wconf 83' lang='lat' dir='ltr'>studia</span> <span class='ocrx_word' id='word_1_100' title='bbox 1143 770 1191 809; x_wconf 89' lang='lat' dir='ltr'>de</span> <span class='ocrx_word' id='word_1_101' title='bbox 1204 770 1483 821; x_wconf 42' lang='lat' dir='ltr'>philosophia»,</span> 
     </span>
     <span class='ocr_line' id='line_1_14' title="bbox 165 818 1482 872; baseline 0.003 -14"><span class='ocrx_word' id='word_1_102' title='bbox 165 822 214 860; x_wconf 86' lang='lat' dir='ltr'>de</span> <span class='ocrx_word' id='word_1_103' title='bbox 243 831 393 870; x_wconf 81' lang='lat' dir='ltr'>utroque</span> <span class='ocrx_word' id='word_1_104' title='bbox 409 818 503 872; x_wconf 82' lang='lat' dir='ltr'>jure</span> <span class='ocrx_word' id='word_1_105' title='bbox 517 847 529 865; x_wconf 92' lang='lat'>‚</span> <span class='ocrx_word' id='word_1_106' title='bbox 543 820 593 860; x_wconf 86' lang='lat' dir='ltr'>de</span> <span class='ocrx_word' id='word_1_107' title='bbox 611 822 751 866; x_wconf 80' lang='lat' dir='ltr'>morali,</span> <span class='ocrx_word' id='word_1_108' title='bbox 770 821 821 861; x_wconf 88' lang='lat' dir='ltr'>de</span> <span class='ocrx_word' id='word_1_109' title='bbox 837 824 981 872; x_wconf 79' lang='lat' dir='ltr'>historia</span> <span class='ocrx_word' id='word_1_110' title='bbox 996 823 1100 862; x_wconf 86' lang='lat' dir='ltr'>sacra</span> <span class='ocrx_word' id='word_1_111' title='bbox 1116 852 1125 861; x_wconf 88' lang='lat'><strong>.</strong></span> <span class='ocrx_word' id='word_1_112' title='bbox 1154 823 1204 862; x_wconf 83' lang='lat' dir='ltr'>Se</span> <span class='ocrx_word' id='word_1_113' title='bbox 1217 823 1296 862; x_wconf 81' lang='lat' dir='ltr'>esse</span> <span class='ocrx_word' id='word_1_114' title='bbox 1308 824 1482 872; x_wconf 79' lang='lat' dir='ltr'>oppida—</span> 
     </span>
     <span class='ocr_line' id='line_1_15' title="bbox 164 873 1482 924; baseline 0.004 -15"><span class='ocrx_word' id='word_1_115' title='bbox 164 884 261 910; x_wconf 80' lang='lat' dir='ltr'>num</span> <span class='ocrx_word' id='word_1_116' title='bbox 278 901 288 911; x_wconf 87' lang='lat'><strong>.</strong></span> <span class='ocrx_word' id='word_1_117' title='bbox 305 873 470 912; x_wconf 80' lang='lat' dir='ltr'>Habere</span> <span class='ocrx_word' id='word_1_118' title='bbox 488 874 766 912; x_wconf 81' lang='lat' dir='ltr'>testimonium</span> <span class='ocrx_word' id='word_1_119' title='bbox 782 887 853 922; x_wconf 85' lang='lat' dir='ltr'>pro</span> <span class='ocrx_word' id='word_1_120' title='bbox 868 876 905 913; x_wconf 90' lang='lat' dir='ltr'>se</span> <span class='ocrx_word' id='word_1_121' title='bbox 920 900 933 917; x_wconf 84' lang='lat'>‚</span> <span class='ocrx_word' id='word_1_122' title='bbox 947 887 994 913; x_wconf 86' lang='lat' dir='ltr'>ac</span> <span class='ocrx_word' id='word_1_123' title='bbox 1010 874 1252 913; x_wconf 80' lang='lat' dir='ltr'>defiderium</span> <span class='ocrx_word' id='word_1_124' title='bbox 1268 875 1397 915; x_wconf 87' lang='lat' dir='ltr'>totius</span> <span class='ocrx_word' id='word_1_125' title='bbox 1413 889 1482 924; x_wconf 83' lang='lat' dir='ltr'>po-</span> 
     </span>
     <span class='ocr_line' id='line_1_16' title="bbox 163 925 1481 977; baseline 0.005 -17"><span class='ocrx_word' id='word_1_126' title='bbox 163 925 251 972; x_wconf 74' lang='lat' dir='ltr'>puli</span> <span class='ocrx_word' id='word_1_127' title='bbox 267 954 276 962; x_wconf 93' lang='lat'><strong>.</strong></span> <span class='ocrx_word' id='word_1_128' title='bbox 305 925 511 963; x_wconf 82' lang='lat' dir='ltr'>Extenuat</span> <span class='ocrx_word' id='word_1_129' title='bbox 528 925 680 963; x_wconf 86' lang='lat' dir='ltr'>merita</span> <span class='ocrx_word' id='word_1_130' title='bbox 699 950 713 969; x_wconf 88' lang='lat'>,</span> <span class='ocrx_word' id='word_1_131' title='bbox 743 927 781 964; x_wconf 69' lang='lat' dir='ltr'>Sc</span> <span class='ocrx_word' id='word_1_132' title='bbox 800 927 1022 976; x_wconf 83' lang='lat' dir='ltr'>qualitates</span> <span class='ocrx_word' id='word_1_133' title='bbox 1051 927 1218 971; x_wconf 80' lang='lat' dir='ltr'>Mauri,</span> <span class='ocrx_word' id='word_1_134' title='bbox 1247 929 1316 977; x_wconf 87' lang='lat' dir='ltr'>qui</span> <span class='ocrx_word' id='word_1_135' title='bbox 1347 928 1481 966; x_wconf 84' lang='lat' dir='ltr'>nihilo</span> 
     </span>
     <span class='ocr_line' id='line_1_17' title="bbox 159 975 1482 1027; baseline 0.003 -14"><span class='ocrx_word' id='word_1_136' title='bbox 159 975 308 1015; x_wconf 86' lang='lat' dir='ltr'>melior</span> <span class='ocrx_word' id='word_1_137' title='bbox 321 977 384 1019; x_wconf 82' lang='lat' dir='ltr'>fit,</span> <span class='ocrx_word' id='word_1_138' title='bbox 404 975 487 1013; x_wconf 89' lang='lat' dir='ltr'>imo</span> <span class='ocrx_word' id='word_1_139' title='bbox 506 978 640 1014; x_wconf 85' lang='lat' dir='ltr'>multo</span> <span class='ocrx_word' id='word_1_140' title='bbox 655 975 824 1015; x_wconf 76' lang='lat' dir='ltr'>inferior</span> <span class='ocrx_word' id='word_1_141' title='bbox 838 1003 850 1021; x_wconf 93' lang='lat'>‚</span> <span class='ocrx_word' id='word_1_142' title='bbox 868 989 915 1015; x_wconf 84' lang='lat' dir='ltr'>ac</span> <span class='ocrx_word' id='word_1_143' title='bbox 932 991 1009 1015; x_wconf 89' lang='lat' dir='ltr'>non</span> <span class='ocrx_word' id='word_1_144' title='bbox 1028 978 1157 1015; x_wconf 88' lang='lat' dir='ltr'>solum</span> <span class='ocrx_word' id='word_1_145' title='bbox 1173 990 1252 1016; x_wconf 87' lang='lat' dir='ltr'>non</span> <span class='ocrx_word' id='word_1_146' title='bbox 1266 978 1482 1027; x_wconf 83' lang='lat' dir='ltr'>praefeten-</span> 
     </span>
     <span class='ocr_line' id='line_1_18' title="bbox 156 1027 1166 1077; baseline 0.003 -12"><span class='ocrx_word' id='word_1_147' title='bbox 156 1028 230 1066; x_wconf 84' lang='lat' dir='ltr'>dus</span> <span class='ocrx_word' id='word_1_148' title='bbox 243 1051 257 1070; x_wconf 83' lang='lat'><strong><em>‚</em></strong></span> <span class='ocrx_word' id='word_1_149' title='bbox 276 1027 342 1066; x_wconf 89' lang='lat' dir='ltr'>sed</span> <span class='ocrx_word' id='word_1_150' title='bbox 361 1029 440 1066; x_wconf 82' lang='lat' dir='ltr'>fine</span> <span class='ocrx_word' id='word_1_151' title='bbox 462 1028 549 1065; x_wconf 89' lang='lat' dir='ltr'>ullo</span> <span class='ocrx_word' id='word_1_152' title='bbox 563 1027 685 1066; x_wconf 75' lang='lat' dir='ltr'>dubio</span> <span class='ocrx_word' id='word_1_153' title='bbox 702 1029 923 1077; x_wconf 82' lang='lat' dir='ltr'>posthaberi</span> <span class='ocrx_word' id='word_1_154' title='bbox 942 1027 1141 1068; x_wconf 79' lang='lat' dir='ltr'>debuiffet</span> <span class='ocrx_word' id='word_1_155' title='bbox 1157 1058 1166 1068; x_wconf 94' lang='lat'>.</span> 
     </span>
    </p>

    <p class='ocr_par' dir='ltr' id='par_1_4' title="bbox 106 1077 1481 1442">
     <span class='ocr_line' id='line_1_19' title="bbox 106 1077 1479 1129; baseline 0.005 -13"><span class='ocrx_word' id='word_1_156' title='bbox 106 1077 261 1119; x_wconf 75' lang='lat' dir='ltr'>Eadem</span> <span class='ocrx_word' id='word_1_157' title='bbox 278 1079 434 1129; x_wconf 82' lang='lat' dir='ltr'>prorsus</span> <span class='ocrx_word' id='word_1_158' title='bbox 450 1080 501 1118; x_wconf 92' lang='lat' dir='ltr'>de</span> <span class='ocrx_word' id='word_1_159' title='bbox 517 1080 556 1118; x_wconf 86' lang='lat' dir='ltr'>se</span> <span class='ocrx_word' id='word_1_160' title='bbox 573 1105 586 1124; x_wconf 91' lang='lat'>‚</span> <span class='ocrx_word' id='word_1_161' title='bbox 614 1081 652 1120; x_wconf 65' lang='grc' dir='ltr'>δι’</span> <span class='ocrx_word' id='word_1_162' title='bbox 679 1089 821 1120; x_wconf 87' lang='lat' dir='ltr'>contra</span> <span class='ocrx_word' id='word_1_163' title='bbox 853 1082 1043 1129; x_wconf 82' lang='lat' dir='ltr'>Calisirum</span> <span class='ocrx_word' id='word_1_164' title='bbox 1073 1082 1268 1129; x_wconf 79' lang='lat' dir='ltr'>praedicat</span> <span class='ocrx_word' id='word_1_165' title='bbox 1294 1086 1479 1123; x_wconf 78' lang='lat' dir='ltr'>Maurus.</span> 
     </span>
     <span class='ocr_line' id='line_1_20' title="bbox 158 1132 1481 1182; baseline 0.004 -12"><span class='ocrx_word' id='word_1_166' title='bbox 158 1133 289 1179; x_wconf 74' lang='lat' dir='ltr'>ipsam</span> <span class='ocrx_word' id='word_1_167' title='bbox 311 1132 552 1180; x_wconf 82' lang='lat' dir='ltr'>scripturam</span> <span class='ocrx_word' id='word_1_168' title='bbox 570 1132 779 1182; x_wconf 84' lang='lat' dir='ltr'>utriusque</span> <span class='ocrx_word' id='word_1_169' title='bbox 795 1134 1001 1181; x_wconf 77' lang='lat' dir='ltr'>appellat.</span> <span class='ocrx_word' id='word_1_170' title='bbox 1035 1133 1180 1173; x_wconf 86' lang='lat' dir='ltr'>Simile</span> <span class='ocrx_word' id='word_1_171' title='bbox 1212 1147 1281 1181; x_wconf 78' lang='lat' dir='ltr'>pro</span> <span class='ocrx_word' id='word_1_172' title='bbox 1305 1136 1347 1175; x_wconf 93' lang='lat' dir='ltr'>se</span> <span class='ocrx_word' id='word_1_173' title='bbox 1373 1137 1481 1181; x_wconf 83' lang='lat' dir='ltr'>judi·-</span> 
     </span>
     <span class='ocr_line' id='line_1_21' title="bbox 154 1183 1476 1233; baseline 0.004 -11"><span class='ocrx_word' id='word_1_174' title='bbox 154 1187 267 1222; x_wconf 81' lang='lat' dir='ltr'>cium</span> <span class='ocrx_word' id='word_1_175' title='bbox 293 1184 536 1232; x_wconf 82' lang='lat' dir='ltr'>theologorum</span> <span class='ocrx_word' id='word_1_176' title='bbox 547 1183 663 1222; x_wconf 77' lang='lat' dir='ltr'>affert</span> <span class='ocrx_word' id='word_1_177' title='bbox 681 1212 691 1222; x_wconf 87' lang='lat'>.</span> <span class='ocrx_word' id='word_1_178' title='bbox 724 1184 786 1222; x_wconf 92' lang='lat' dir='ltr'>De</span> <span class='ocrx_word' id='word_1_179' title='bbox 805 1185 962 1233; x_wconf 81' lang='lat' dir='ltr'>reliquo</span> <span class='ocrx_word' id='word_1_180' title='bbox 984 1185 1021 1225; x_wconf 84' lang='lat' dir='ltr'>se</span> <span class='ocrx_word' id='word_1_181' title='bbox 1039 1187 1237 1230; x_wconf 78' lang='lat' dir='ltr'>majorem</span> <span class='ocrx_word' id='word_1_182' title='bbox 1257 1196 1378 1227; x_wconf 85' lang='lat' dir='ltr'>aetate</span> <span class='ocrx_word' id='word_1_183' title='bbox 1393 1217 1404 1226; x_wconf 90' lang='lat'>.</span> <span class='ocrx_word' id='word_1_184' title='bbox 1424 1189 1476 1228; x_wconf 87' lang='lat' dir='ltr'>Se</span> 
     </span>
     <span class='ocr_line' id='line_1_22' title="bbox 153 1236 1478 1285; baseline 0.004 -12"><span class='ocrx_word' id='word_1_185' title='bbox 153 1237 290 1274; x_wconf 88' lang='lat' dir='ltr'>multo</span> <span class='ocrx_word' id='word_1_186' title='bbox 318 1248 340 1274; x_wconf 86' lang='lat' dir='ltr'>a</span> <span class='ocrx_word' id='word_1_187' title='bbox 377 1244 563 1283; x_wconf 70' lang='lat' dir='ltr'>tempore</span> <span class='ocrx_word' id='word_1_188' title='bbox 597 1236 635 1273; x_wconf 85' lang='lat' dir='ltr'>in</span> <span class='ocrx_word' id='word_1_189' title='bbox 660 1236 988 1284; x_wconf 79' lang='lat' dir='ltr'>sacramentalibus</span> <span class='ocrx_word' id='word_1_190' title='bbox 1022 1239 1277 1285; x_wconf 69' lang='lat' dir='ltr'>confeffionibus</span> <span class='ocrx_word' id='word_1_191' title='bbox 1309 1239 1478 1278; x_wconf 83' lang='lat' dir='ltr'>audien-</span> 
     </span>
     <span class='ocr_line' id='line_1_23' title="bbox 154 1287 1479 1338; baseline 0.004 -12"><span class='ocrx_word' id='word_1_192' title='bbox 154 1288 217 1326; x_wconf 87' lang='lat' dir='ltr'>dis</span> <span class='ocrx_word' id='word_1_193' title='bbox 234 1287 462 1327; x_wconf 81' lang='lat' dir='ltr'>exercitum</span> <span class='ocrx_word' id='word_1_194' title='bbox 477 1318 486 1326; x_wconf 90' lang='lat'>.</span> <span class='ocrx_word' id='word_1_195' title='bbox 515 1287 581 1326; x_wconf 81' lang='lat' dir='ltr'>Ad</span> <span class='ocrx_word' id='word_1_196' title='bbox 598 1289 750 1326; x_wconf 84' lang='lat' dir='ltr'>multas</span> <span class='ocrx_word' id='word_1_197' title='bbox 767 1290 866 1327; x_wconf 83' lang='lat' dir='ltr'>alias</span> <span class='ocrx_word' id='word_1_198' title='bbox 885 1289 1097 1337; x_wconf 79' lang='lat' dir='ltr'>parochias</span> <span class='ocrx_word' id='word_1_199' title='bbox 1117 1292 1387 1338; x_wconf 78' lang='lat' dir='ltr'>approbatum</span> <span class='ocrx_word' id='word_1_200' title='bbox 1406 1304 1479 1331; x_wconf 87' lang='lat' dir='ltr'>an-</span> 
     </span>
     <span class='ocr_line' id='line_1_24' title="bbox 150 1338 1475 1391; baseline 0.004 -12"><span class='ocrx_word' id='word_1_201' title='bbox 150 1350 219 1379; x_wconf 88' lang='lat' dir='ltr'>tea</span> <span class='ocrx_word' id='word_1_202' title='bbox 235 1370 245 1378; x_wconf 91' lang='lat'><strong>.</strong></span> <span class='ocrx_word' id='word_1_203' title='bbox 266 1339 385 1378; x_wconf 85' lang='lat' dir='ltr'>Tunc</span> <span class='ocrx_word' id='word_1_204' title='bbox 399 1341 646 1379; x_wconf 75' lang='lat' dir='ltr'>catnedralis</span> <span class='ocrx_word' id='word_1_205' title='bbox 664 1338 874 1379; x_wconf 81' lang='lat' dir='ltr'>Urbinatis</span> <span class='ocrx_word' id='word_1_206' title='bbox 893 1341 1096 1380; x_wconf 83' lang='lat' dir='ltr'>vicarium</span> <span class='ocrx_word' id='word_1_207' title='bbox 1119 1351 1309 1382; x_wconf 81' lang='lat' dir='ltr'>curatum</span> <span class='ocrx_word' id='word_1_208' title='bbox 1337 1345 1423 1391; x_wconf 78' lang='lat' dir='ltr'>jam</span> <span class='ocrx_word' id='word_1_209' title='bbox 1451 1356 1475 1384; x_wconf 80' lang='lat' dir='ltr'>a</span> 
     </span>
     <span class='ocr_line' id='line_1_25' title="bbox 156 1391 495 1442; baseline 0 -11"><span class='ocrx_word' id='word_1_210' title='bbox 156 1392 322 1431; x_wconf 84' lang='lat' dir='ltr'>biennio</span> <span class='ocrx_word' id='word_1_211' title='bbox 349 1391 469 1442; x_wconf 84' lang='lat' dir='ltr'>egiffe</span> <span class='ocrx_word' id='word_1_212' title='bbox 485 1422 495 1431; x_wconf 91' lang='lat'>.</span> 
     </span>
    </p>

    <p class='ocr_par' dir='ltr' id='par_1_5' title="bbox 97 1443 1485 1862">
     <span class='ocr_line' id='line_1_26' title="bbox 97 1443 1484 1496; baseline 0.003 -12"><span class='ocrx_word' id='word_1_213' title='bbox 97 1443 930 1496; x_wconf 71' lang='lat' dir='ltr'>ArchiepiscopusGuglielmias‚antequam</span> <span class='ocrx_word' id='word_1_214' title='bbox 943 1445 991 1484; x_wconf 89' lang='lat' dir='ltr'>de</span> <span class='ocrx_word' id='word_1_215' title='bbox 1007 1449 1277 1487; x_wconf 79' lang='lat' dir='ltr'>controversia</span> <span class='ocrx_word' id='word_1_216' title='bbox 1291 1446 1484 1496; x_wconf 84' lang='lat' dir='ltr'>referret,</span> 
     </span>
     <span class='ocr_line' id='line_1_27' title="bbox 153 1496 1481 1548; baseline 0.003 -12"><span class='ocrx_word' id='word_1_217' title='bbox 153 1496 370 1538; x_wconf 71' lang='lat' dir='ltr'>defumstus</span> <span class='ocrx_word' id='word_1_218' title='bbox 391 1499 445 1537; x_wconf 87' lang='lat' dir='ltr'>est</span> <span class='ocrx_word' id='word_1_219' title='bbox 459 1528 468 1537; x_wconf 92' lang='lat'><strong>.</strong></span> <span class='ocrx_word' id='word_1_220' title='bbox 496 1497 639 1536; x_wconf 83' lang='lat' dir='ltr'>Novus</span> <span class='ocrx_word' id='word_1_221' title='bbox 658 1507 798 1536; x_wconf 82' lang='lat' dir='ltr'>autem</span> <span class='ocrx_word' id='word_1_222' title='bbox 819 1498 1106 1547; x_wconf 74' lang='lat' dir='ltr'>interrogatus,</span> <span class='ocrx_word' id='word_1_223' title='bbox 1126 1499 1331 1548; x_wconf 82' lang='lat' dir='ltr'>respondit</span> <span class='ocrx_word' id='word_1_224' title='bbox 1345 1502 1406 1538; x_wconf 80' lang='lat' dir='ltr'>die</span> <span class='ocrx_word' id='word_1_225' title='bbox 1422 1515 1481 1548; x_wconf 88' lang='lat'>¹7·</span> 
     </span>
     <span class='ocr_line' id='line_1_28' title="bbox 155 1549 1481 1602; baseline 0.003 -15"><span class='ocrx_word' id='word_1_226' title='bbox 155 1549 263 1602; x_wconf 76' lang='lat' dir='ltr'><em>hujus</em></span> <span class='ocrx_word' id='word_1_227' title='bbox 283 1550 402 1599; x_wconf 83' lang='lat' dir='ltr'>mensis</span> <span class='ocrx_word' id='word_1_228' title='bbox 418 1561 428 1587; x_wconf 71' lang='grc' dir='ltr'>ε</span> <span class='ocrx_word' id='word_1_229' title='bbox 447 1558 569 1588; x_wconf 82' lang='lat' dir='ltr'>notum</span> <span class='ocrx_word' id='word_1_230' title='bbox 597 1549 646 1598; x_wconf 84' lang='lat' dir='ltr'>est</span> <span class='ocrx_word' id='word_1_231' title='bbox 660 1563 727 1586; x_wconf 88' lang='lat' dir='ltr'>non</span> <span class='ocrx_word' id='word_1_232' title='bbox 756 1551 875 1587; x_wconf 83' lang='lat' dir='ltr'>adbuc</span> <span class='ocrx_word' id='word_1_233' title='bbox 890 1562 1042 1601; x_wconf 81' lang='lat' dir='ltr'>quatuor</span> <span class='ocrx_word' id='word_1_234' title='bbox 1057 1551 1241 1600; x_wconf 62' lang='lat' dir='ltr'>effluxiffb</span> <span class='ocrx_word' id='word_1_235' title='bbox 1255 1554 1389 1600; x_wconf 70' lang='lat' dir='ltr'>menfis</span> <span class='ocrx_word' id='word_1_236' title='bbox 1405 1579 1417 1598; x_wconf 87' lang='lat'>,</span> <span class='ocrx_word' id='word_1_237' title='bbox 1435 1566 1481 1591; x_wconf 81' lang='lat' dir='ltr'>ex</span> 
     </span>
     <span class='ocr_line' id='line_1_29' title="bbox 154 1602 1479 1653; baseline 0.002 -13"><span class='ocrx_word' id='word_1_238' title='bbox 154 1617 221 1652; x_wconf 83' lang='lat' dir='ltr'>quo</span> <span class='ocrx_word' id='word_1_239' title='bbox 236 1604 284 1638; x_wconf 81' lang='lat' dir='ltr'>ad</span> <span class='ocrx_word' id='word_1_240' title='bbox 296 1602 446 1650; x_wconf 81' lang='lat' dir='ltr'>ecelefiae</span> <span class='ocrx_word' id='word_1_241' title='bbox 460 1605 618 1650; x_wconf 81' lang='lat' dir='ltr'>regimen</span> <span class='ocrx_word' id='word_1_242' title='bbox 626 1602 712 1650; x_wconf 78' lang='lat' dir='ltr'>sum</span> <span class='ocrx_word' id='word_1_243' title='bbox 729 1605 885 1642; x_wconf 62' lang='lat' dir='ltr'>eveclun</span> <span class='ocrx_word' id='word_1_244' title='bbox 901 1606 991 1652; x_wconf 79' lang='lat' dir='ltr'>quid</span> <span class='ocrx_word' id='word_1_245' title='bbox 1004 1606 1120 1652; x_wconf 86' lang='lat' dir='ltr'>igitur</span> <span class='ocrx_word' id='word_1_246' title='bbox 1132 1607 1172 1641; x_wconf 85' lang='lat' dir='ltr'>in</span> <span class='ocrx_word' id='word_1_247' title='bbox 1181 1606 1377 1653; x_wconf 78' lang='lat' dir='ltr'>praehabito</span> <span class='ocrx_word' id='word_1_248' title='bbox 1393 1619 1479 1642; x_wconf 88' lang='lat' dir='ltr'>con-</span> 
     </span>
     <span class='ocr_line' id='line_1_30' title="bbox 155 1654 1477 1706; baseline -0.001 -12"><span class='ocrx_word' id='word_1_249' title='bbox 155 1654 486 1703; x_wconf 70' lang='lat' dir='ltr'>cursuperspefiam</span> <span class='ocrx_word' id='word_1_250' title='bbox 504 1678 517 1697; x_wconf 81' lang='lat'>‚</span> <span class='ocrx_word' id='word_1_251' title='bbox 536 1655 721 1703; x_wconf 55' lang='lat' dir='ltr'>astumque</span> <span class='ocrx_word' id='word_1_252' title='bbox 726 1655 790 1703; x_wconf 86' lang='lat' dir='ltr'>fit,</span> <span class='ocrx_word' id='word_1_253' title='bbox 803 1659 947 1704; x_wconf 80' lang='lat' dir='ltr'>penitus</span> <span class='ocrx_word' id='word_1_254' title='bbox 970 1661 1089 1704; x_wconf 81' lang='lat' dir='ltr'>ignoro</span> <span class='ocrx_word' id='word_1_255' title='bbox 1104 1685 1114 1695; x_wconf 86' lang='grc'><strong>.</strong></span> <span class='ocrx_word' id='word_1_256' title='bbox 1146 1657 1314 1694; x_wconf 79' lang='lat' dir='ltr'>carolum</span> <span class='ocrx_word' id='word_1_257' title='bbox 1331 1657 1477 1706; x_wconf 81' lang='lat' dir='ltr'>Calistri</span> 
     </span>
     <span class='ocr_line' id='line_1_31' title="bbox 153 1706 1473 1759; baseline 0 -14"><span class='ocrx_word' id='word_1_258' title='bbox 153 1710 268 1745; x_wconf 78' lang='lat' dir='ltr'>trihus</span> <span class='ocrx_word' id='word_1_259' title='bbox 286 1708 416 1743; x_wconf 82' lang='lat' dir='ltr'><em>abhinc</em></span> <span class='ocrx_word' id='word_1_260' title='bbox 427 1707 593 1754; x_wconf 71' lang='lat' dir='ltr'>mensibus</span> <span class='ocrx_word' id='word_1_261' title='bbox 614 1706 734 1744; x_wconf 67' lang='lat' dir='ltr'>Romae</span> <span class='ocrx_word' id='word_1_262' title='bbox 763 1719 1035 1745; x_wconf 72' lang='lat' dir='ltr'><em>commorantem</em></span> <span class='ocrx_word' id='word_1_263' title='bbox 1065 1710 1165 1746; x_wconf 81' lang='lat' dir='ltr'>haud</span> <span class='ocrx_word' id='word_1_264' title='bbox 1179 1711 1261 1746; x_wconf 81' lang='lat' dir='ltr'>vicli</span> <span class='ocrx_word' id='word_1_265' title='bbox 1291 1722 1449 1759; x_wconf 84' lang='lat' dir='ltr'>unquam</span> <span class='ocrx_word' id='word_1_266' title='bbox 1462 1738 1473 1746; x_wconf 93' lang='lat'>.</span> 
     </span>
     <span class='ocr_line' id='line_1_32' title="bbox 152 1759 1480 1809; baseline -0.002 -11"><span class='ocrx_word' id='word_1_267' title='bbox 152 1761 362 1801; x_wconf 83' lang='lat' dir='ltr'>Antonium</span> <span class='ocrx_word' id='word_1_268' title='bbox 380 1772 463 1796; x_wconf 83' lang='lat' dir='ltr'>vero</span> <span class='ocrx_word' id='word_1_269' title='bbox 491 1761 620 1796; x_wconf 61' lang='lat' dir='ltr'>stlauri</span> <span class='ocrx_word' id='word_1_270' title='bbox 646 1760 691 1796; x_wconf 86' lang='lat' dir='ltr'>de</span> <span class='ocrx_word' id='word_1_271' title='bbox 711 1759 812 1804; x_wconf 79' lang='lat' dir='ltr'>facie</span> <span class='ocrx_word' id='word_1_272' title='bbox 840 1765 924 1798; x_wconf 75' lang='lat' dir='ltr'>novi</span> <span class='ocrx_word' id='word_1_273' title='bbox 940 1790 949 1798; x_wconf 91' lang='lat'><strong>.</strong></span> <span class='ocrx_word' id='word_1_274' title='bbox 981 1761 1100 1799; x_wconf 69' lang='lat' dir='ltr'>Nihil</span> <span class='ocrx_word' id='word_1_275' title='bbox 1125 1764 1239 1809; x_wconf 77' lang='lat' dir='ltr'>igitur</span> <span class='ocrx_word' id='word_1_276' title='bbox 1255 1762 1302 1798; x_wconf 83' lang='lat' dir='ltr'>de</span> <span class='ocrx_word' id='word_1_277' title='bbox 1331 1773 1480 1798; x_wconf 62' lang='lat' dir='ltr'>aarum</span> 
     </span>
     <span class='ocr_line' id='line_1_33' title="bbox 151 1811 1485 1862; baseline -0.001 -11"><span class='ocrx_word' id='word_1_278' title='bbox 151 1814 307 1851; x_wconf 79' lang='lat' dir='ltr'>moribus</span> <span class='ocrx_word' id='word_1_279' title='bbox 338 1836 352 1857; x_wconf 87' lang='lat'>‚</span> <span class='ocrx_word' id='word_1_280' title='bbox 392 1811 551 1848; x_wconf 68' lang='lat' dir='ltr'>doffriaem</span> <span class='ocrx_word' id='word_1_281' title='bbox 581 1836 595 1856; x_wconf 89' lang='lat'>‚</span> <span class='ocrx_word' id='word_1_282' title='bbox 632 1812 852 1849; x_wconf 81' lang='lat' dir='ltr'>dexteritate</span> <span class='ocrx_word' id='word_1_283' title='bbox 881 1837 894 1857; x_wconf 91' lang='lat'>,</span> <span class='ocrx_word' id='word_1_284' title='bbox 931 1815 1128 1862; x_wconf 79' lang='lat' dir='ltr'>prudentia</span> <span class='ocrx_word' id='word_1_285' title='bbox 1164 1814 1309 1851; x_wconf 66' lang='lat' dir='ltr'>edoffus</span> <span class='ocrx_word' id='word_1_286' title='bbox 1350 1813 1485 1860; x_wconf 77' lang='lat' dir='ltr'>referre</span> 
     </span>
    </p>

    <p class='ocr_par' dir='ltr' id='par_1_6' title="bbox 103 1865 1482 2066">
     <span class='ocr_line' id='line_1_34' title="bbox 179 1865 1291 1915; baseline 0 -11"><span class='ocrx_word' id='word_1_287' title='bbox 179 1865 289 1915; x_wconf 75' lang='lat' dir='ltr'>offam</span> <span class='ocrx_word' id='word_1_288' title='bbox 302 1893 313 1902; x_wconf 88' lang='lat'><strong>.</strong></span> <span class='ocrx_word' id='word_1_289' title='bbox 1288 1874 1291 1875; x_wconf 72' lang='grc'>’</span> 
     </span>
     <span class='ocr_line' id='line_1_35' title="bbox 103 1877 1482 1967; baseline -0.002 -10"><span class='ocrx_word' id='word_1_290' title='bbox 103 1877 335 1960; x_wconf 66' lang='grc' dir='ltr'>Βέςιετεῑο</span> <span class='ocrx_word' id='word_1_291' title='bbox 350 1917 551 1956; x_wconf 87' lang='lat' dir='ltr'>summum</span> <span class='ocrx_word' id='word_1_292' title='bbox 575 1918 700 1958; x_wconf 73' lang='lat' dir='ltr'>causae</span> <span class='ocrx_word' id='word_1_293' title='bbox 727 1927 985 1959; x_wconf 82' lang='lat' dir='ltr'>momentum</span> <span class='ocrx_word' id='word_1_294' title='bbox 1004 1919 1159 1966; x_wconf 63' lang='lat' dir='ltr'>exfizffo</span> <span class='ocrx_word' id='word_1_295' title='bbox 1187 1918 1273 1967; x_wconf 83' lang='lat' dir='ltr'>ipso</span> <span class='ocrx_word' id='word_1_296' title='bbox 1297 1916 1449 1965; x_wconf 77' lang='lat' dir='ltr'>pendet</span> <span class='ocrx_word' id='word_1_297' title='bbox 1466 1942 1482 1961; x_wconf 88' lang='lat'>‚</span> 
     </span>
     <span class='ocr_line' id='line_1_36' title="bbox 154 1971 1478 2023; baseline -0.003 -13"><span class='ocrx_word' id='word_1_298' title='bbox 154 1971 263 2023; x_wconf 84' lang='lat' dir='ltr'>quod</span> <span class='ocrx_word' id='word_1_299' title='bbox 278 1979 373 2008; x_wconf 86' lang='lat' dir='ltr'>ante</span> <span class='ocrx_word' id='word_1_300' title='bbox 389 1972 532 2009; x_wconf 79' lang='lat' dir='ltr'>oculos·</span> <span class='ocrx_word' id='word_1_301' title='bbox 547 1983 592 2008; x_wconf 81' lang='lat' dir='ltr'>ex</span> <span class='ocrx_word' id='word_1_302' title='bbox 615 1973 822 2010; x_wconf 85' lang='lat' dir='ltr'>ambarum</span> <span class='ocrx_word' id='word_1_303' title='bbox 841 1972 1174 2021; x_wconf 71' lang='lat' dir='ltr'>partiumscriptis</span> <span class='ocrx_word' id='word_1_304' title='bbox 1189 1996 1202 2015; x_wconf 90' lang='lat'>,</span> <span class='ocrx_word' id='word_1_305' title='bbox 1221 1982 1268 2010; x_wconf 84' lang='lat' dir='ltr'>ex</span> <span class='ocrx_word' id='word_1_306' title='bbox 1281 1972 1367 2007; x_wconf 71' lang='lat' dir='ltr'>aflis</span> <span class='ocrx_word' id='word_1_307' title='bbox 1383 1981 1478 2006; x_wconf 86' lang='lat' dir='ltr'>con-</span> 
     </span>
     <span class='ocr_line' id='line_1_37' title="bbox 155 2023 829 2066; baseline -0.006 -5"><span class='ocrx_word' id='word_1_308' title='bbox 155 2023 292 2062; x_wconf 81' lang='lat' dir='ltr'>cursus</span> <span class='ocrx_word' id='word_1_309' title='bbox 306 2048 318 2066; x_wconf 91' lang='lat'>‚</span> <span class='ocrx_word' id='word_1_310' title='bbox 336 2023 374 2061; x_wconf 69' lang='lat' dir='ltr'>Sc</span> <span class='ocrx_word' id='word_1_311' title='bbox 389 2027 618 2059; x_wconf 74' lang='lat' dir='ltr'>monumentis</span> <span class='ocrx_word' id='word_1_312' title='bbox 634 2025 805 2061; x_wconf 81' lang='lat' dir='ltr'>habetur</span> <span class='ocrx_word' id='word_1_313' title='bbox 817 2049 829 2058; x_wconf 90' lang='lat'><strong>.</strong></span> 
     </span>
    </p>

    <p class='ocr_par' dir='ltr' id='par_1_7' title="bbox 103 2069 1478 2438">
     <span class='ocr_line' id='line_1_38' title="bbox 103 2069 1478 2118; baseline -0.007 -2"><span class='ocrx_word' id='word_1_314' title='bbox 103 2074 325 2115; x_wconf 84' lang='lat' dir='ltr'>Notiffima</span> <span class='ocrx_word' id='word_1_315' title='bbox 341 2074 389 2112; x_wconf 93' lang='lat' dir='ltr'>de</span> <span class='ocrx_word' id='word_1_316' title='bbox 405 2073 606 2118; x_wconf 79' lang='lat' dir='ltr'>ejusmodi</span> <span class='ocrx_word' id='word_1_317' title='bbox 625 2079 739 2112; x_wconf 83' lang='lat' dir='ltr'>rebus</span> <span class='ocrx_word' id='word_1_318' title='bbox 767 2074 853 2117; x_wconf 72' lang='lat' dir='ltr'>jura</span> <span class='ocrx_word' id='word_1_319' title='bbox 891 2071 981 2110; x_wconf 86' lang='lat' dir='ltr'>sunt</span> <span class='ocrx_word' id='word_1_320' title='bbox 997 2101 1006 2110; x_wconf 89' lang='lat'><strong>.</strong></span> <span class='ocrx_word' id='word_1_321' title='bbox 1044 2071 1278 2110; x_wconf 84' lang='lat' dir='ltr'>Concilium</span> <span class='ocrx_word' id='word_1_322' title='bbox 1306 2069 1478 2110; x_wconf 81' lang='lat' dir='ltr'>statuit:</span> 
     </span>
     <span class='ocr_line' id='line_1_39' title="bbox 149 2120 1477 2178; baseline -0.006 -12"><span class='ocrx_word' id='word_1_323' title='bbox 149 2130 290 2178; x_wconf 64' lang='lat' dir='ltr'>perafflo</span> <span class='ocrx_word' id='word_1_324' title='bbox 317 2129 481 2163; x_wconf 84' lang='lat' dir='ltr'>examine</span> <span class='ocrx_word' id='word_1_325' title='bbox 494 2127 750 2163; x_wconf 79' lang='lat' dir='ltr'>renuncientur</span> <span class='ocrx_word' id='word_1_326' title='bbox 765 2134 933 2174; x_wconf 76' lang='lat' dir='ltr'>quotquot</span> <span class='ocrx_word' id='word_1_327' title='bbox 949 2125 992 2160; x_wconf 87' lang='lat' dir='ltr'>ab</span> <span class='ocrx_word' id='word_1_328' title='bbox 1009 2126 1063 2160; x_wconf 85' lang='lat' dir='ltr'>his</span> <span class='ocrx_word' id='word_1_329' title='bbox 1079 2120 1477 2167; x_wconf 75' lang='lat' dir='ltr'>(examinatoribus]</span> 
     </span>
     <span class='ocr_line' id='line_1_40' title="bbox 155 2176 1472 2232; baseline -0.007 -14"><span class='ocrx_word' id='word_1_330' title='bbox 155 2183 278 2219; x_wconf 75' lang='lat' dir='ltr'>idonei</span> <span class='ocrx_word' id='word_1_331' title='bbox 283 2179 450 2232; x_wconf 77' lang='lat' dir='ltr'>judicati</span> <span class='ocrx_word' id='word_1_332' title='bbox 455 2177 601 2223; x_wconf 84' lang='lat' dir='ltr'>fuerint</span> <span class='ocrx_word' id='word_1_333' title='bbox 615 2188 718 2214; x_wconf 82' lang='lat' dir='ltr'>aetate</span> <span class='ocrx_word' id='word_1_334' title='bbox 732 2202 744 2220; x_wconf 83' lang='lat'>,</span> <span class='ocrx_word' id='word_1_335' title='bbox 761 2178 914 2213; x_wconf 75' lang='lat' dir='ltr'>moribus</span> <span class='ocrx_word' id='word_1_336' title='bbox 933 2201 945 2217; x_wconf 81' lang='grc'><em>,</em></span> <span class='ocrx_word' id='word_1_337' title='bbox 978 2177 1139 2212; x_wconf 72' lang='grc' dir='ltr'><em>Δοὲἷνίηα</em></span> <span class='ocrx_word' id='word_1_338' title='bbox 1159 2198 1171 2218; x_wconf 87' lang='grc'><strong><em>,</em></strong></span> <span class='ocrx_word' id='word_1_339' title='bbox 1183 2176 1382 2223; x_wconf 81' lang='lat' dir='ltr'>prudentia</span> <span class='ocrx_word' id='word_1_340' title='bbox 1395 2200 1407 2218; x_wconf 90' lang='lat'>,</span> <span class='ocrx_word' id='word_1_341' title='bbox 1426 2176 1472 2216; x_wconf 67' lang='grc' dir='ltr'>ὼ·</span> 
     </span>
     <span class='ocr_line' id='line_1_41' title="bbox 154 2229 1469 2278; baseline -0.006 -8"><span class='ocrx_word' id='word_1_342' title='bbox 154 2234 239 2270; x_wconf 79' lang='lat' dir='ltr'>aliis</span> <span class='ocrx_word' id='word_1_343' title='bbox 257 2234 359 2269; x_wconf 82' lang='lat' dir='ltr'>rebus</span> <span class='ocrx_word' id='word_1_344' title='bbox 380 2233 428 2267; x_wconf 88' lang='lat' dir='ltr'>ad</span> <span class='ocrx_word' id='word_1_345' title='bbox 442 2239 630 2267; x_wconf 83' lang='lat' dir='ltr'>vacantem</span> <span class='ocrx_word' id='word_1_346' title='bbox 654 2229 832 2278; x_wconf 83' lang='lat' dir='ltr'>ecclefiam</span> <span class='ocrx_word' id='word_1_347' title='bbox 851 2230 1127 2276; x_wconf 72' lang='lat' dir='ltr'>gubernandam</span> <span class='ocrx_word' id='word_1_348' title='bbox 1158 2231 1359 2274; x_wconf 79' lang='lat' dir='ltr'>opportunis</span> <span class='ocrx_word' id='word_1_349' title='bbox 1378 2238 1391 2263; x_wconf 77' lang='lat'>,¹</span> <span class='ocrx_word' id='word_1_350' title='bbox 1421 2238 1469 2262; x_wconf 78' lang='lat' dir='ltr'>ex</span> 
     </span>
     <span class='ocr_line' id='line_1_42' title="bbox 155 2274 1467 2334; baseline -0.005 -14"><span class='ocrx_word' id='word_1_351' title='bbox 155 2285 276 2334; x_wconf 78' lang='lat' dir='ltr'>bisque</span> <span class='ocrx_word' id='word_1_352' title='bbox 289 2284 478 2333; x_wconf 69' lang='lat' dir='ltr'>Episcopus</span> <span class='ocrx_word' id='word_1_353' title='bbox 494 2294 574 2318; x_wconf 83' lang='lat' dir='ltr'>eum</span> <span class='ocrx_word' id='word_1_354' title='bbox 584 2281 695 2330; x_wconf 82' lang='lat' dir='ltr'>eligat</span> <span class='ocrx_word' id='word_1_355' title='bbox 707 2307 719 2325; x_wconf 90' lang='lat'><strong>‚</strong></span> <span class='ocrx_word' id='word_1_356' title='bbox 749 2294 852 2328; x_wconf 72' lang='lat' dir='ltr'>quem</span> <span class='ocrx_word' id='word_1_357' title='bbox 866 2283 1002 2317; x_wconf 79' lang='lat' dir='ltr'>caeteris</span> <span class='ocrx_word' id='word_1_358' title='bbox 1027 2283 1139 2327; x_wconf 82' lang='lat' dir='ltr'>magis</span> <span class='ocrx_word' id='word_1_359' title='bbox 1159 2281 1328 2316; x_wconf 80' lang='lat' dir='ltr'>idoneum</span> <span class='ocrx_word' id='word_1_360' title='bbox 1353 2274 1467 2329; x_wconf 79' lang='lat' dir='ltr'>judi-</span> 
     </span>
     <span class='ocr_line' id='line_1_43' title="bbox 151 2329 1464 2384; baseline -0.005 -11"><span class='ocrx_word' id='word_1_361' title='bbox 151 2340 293 2373; x_wconf 75' lang='lat' dir='ltr'>caverit</span> <span class='ocrx_word' id='word_1_362' title='bbox 306 2350 327 2375; x_wconf 66' lang='lat'><em>3</em></span> <span class='ocrx_word' id='word_1_363' title='bbox 353 2345 460 2384; x_wconf 78' lang='lat' dir='ltr'>atque</span> <span class='ocrx_word' id='word_1_364' title='bbox 474 2334 531 2370; x_wconf 84' lang='lat' dir='ltr'>illi</span> <span class='ocrx_word' id='word_1_365' title='bbox 548 2359 560 2378; x_wconf 92' lang='lat'>‚</span> <span class='ocrx_word' id='word_1_366' title='bbox 589 2336 631 2376; x_wconf 73' lang='lat'>&amp;⁴</span> <span class='ocrx_word' id='word_1_367' title='bbox 645 2347 713 2370; x_wconf 85' lang='lat' dir='ltr'>non</span> <span class='ocrx_word' id='word_1_368' title='bbox 729 2333 837 2369; x_wconf 83' lang='lat' dir='ltr'>alteri</span> <span class='ocrx_word' id='word_1_369' title='bbox 857 2332 1001 2369; x_wconf 84' lang='lat' dir='ltr'>collatio</span> <span class='ocrx_word' id='word_1_370' title='bbox 1017 2332 1166 2379; x_wconf 83' lang='lat' dir='ltr'>ecclefiae</span> <span class='ocrx_word' id='word_1_371' title='bbox 1182 2332 1224 2367; x_wconf 86' lang='lat' dir='ltr'>ab</span> <span class='ocrx_word' id='word_1_372' title='bbox 1241 2330 1361 2376; x_wconf 80' lang='lat' dir='ltr'>eafi&#39;at</span> <span class='ocrx_word' id='word_1_373' title='bbox 1376 2354 1388 2374; x_wconf 91' lang='lat'>‚</span> <span class='ocrx_word' id='word_1_374' title='bbox 1413 2329 1464 2366; x_wconf 80' lang='lat' dir='ltr'>ad</span> 
     </span>
     <span class='ocr_line' id='line_1_44' title="bbox 151 2384 1247 2438; baseline -0.004 -13"><span class='ocrx_word' id='word_1_375' title='bbox 151 2389 435 2438; x_wconf 64' lang='lat' dir='ltr'>qaemspeffiabit</span> <span class='ocrx_word' id='word_1_376' title='bbox 449 2399 524 2423; x_wconf 81' lang='lat' dir='ltr'>eam</span> <span class='ocrx_word' id='word_1_377' title='bbox 543 2385 860 2433; x_wconf 21' lang='lat' dir='ltr'>confhrrehseffizq..</span> <span class='ocrx_word' id='word_1_378' title='bbox 878 2393 954 2431; x_wconf 81' lang='lat' dir='ltr'>cap.</span> <span class='ocrx_word' id='word_1_379' title='bbox 969 2397 981 2420; x_wconf 88' lang='lat'>1</span> <span class='ocrx_word' id='word_1_380' title='bbox 992 2389 1026 2421; x_wconf 88' lang='lat'>8.</span> <span class='ocrx_word' id='word_1_381' title='bbox 1047 2386 1092 2421; x_wconf 87' lang='lat' dir='ltr'>de</span> <span class='ocrx_word' id='word_1_382' title='bbox 1105 2384 1247 2429; x_wconf 80' lang='lat' dir='ltr'>reform.</span> 
     </span>
    </p>

    <p class='ocr_par' dir='ltr' id='par_1_8' title="bbox 96 2433 1463 2749">
     <span class='ocr_line' id='line_1_45' title="bbox 96 2433 1463 2487; baseline -0.007 -7"><span class='ocrx_word' id='word_1_383' title='bbox 96 2442 193 2480; x_wconf 81' lang='lat' dir='ltr'>Rota</span> <span class='ocrx_word' id='word_1_384' title='bbox 210 2439 269 2478; x_wconf 80' lang='lat' dir='ltr'>ait</span> <span class='ocrx_word' id='word_1_385' title='bbox 285 2451 295 2476; x_wconf 71' lang='grc' dir='ltr'><em>τ</em></span> <span class='ocrx_word' id='word_1_386' title='bbox 315 2440 593 2486; x_wconf 79' lang='lat' dir='ltr'>fundamentum</span> <span class='ocrx_word' id='word_1_387' title='bbox 609 2438 813 2487; x_wconf 75' lang='lat' dir='ltr'>resolutioni</span> <span class='ocrx_word' id='word_1_388' title='bbox 843 2438 996 2484; x_wconf 84' lang='lat' dir='ltr'>praebuit</span> <span class='ocrx_word' id='word_1_389' title='bbox 1015 2433 1254 2473; x_wconf 58' lang='lat' dir='ltr'>ineluetabilis</span> <span class='ocrx_word' id='word_1_390' title='bbox 1285 2458 1297 2477; x_wconf 92' lang='lat'><strong>‚</strong></span> <span class='ocrx_word' id='word_1_391' title='bbox 1332 2437 1375 2478; x_wconf 67' lang='lat'>&amp;⁶</span> <span class='ocrx_word' id='word_1_392' title='bbox 1391 2447 1463 2470; x_wconf 81' lang='lat' dir='ltr'>un-</span> 
     </span>
     <span class='ocr_line' id='line_1_46' title="bbox 148 2486 1461 2541; baseline -0.004 -12"><span class='ocrx_word' id='word_1_393' title='bbox 148 2495 258 2541; x_wconf 79' lang='lat' dir='ltr'>dique</span> <span class='ocrx_word' id='word_1_394' title='bbox 263 2492 378 2536; x_wconf 84' lang='lat' dir='ltr'>firma</span> <span class='ocrx_word' id='word_1_395' title='bbox 389 2492 572 2541; x_wconf 75' lang='lat' dir='ltr'>propofitio</span> <span class='ocrx_word' id='word_1_396' title='bbox 590 2516 601 2534; x_wconf 91' lang='lat'>‚</span> <span class='ocrx_word' id='word_1_397' title='bbox 630 2491 722 2540; x_wconf 83' lang='lat' dir='ltr'><em>quod</em></span> <span class='ocrx_word' id='word_1_398' title='bbox 738 2491 786 2526; x_wconf 84' lang='lat' dir='ltr'>ad</span> <span class='ocrx_word' id='word_1_399' title='bbox 803 2490 866 2525; x_wconf 78' lang='lat' dir='ltr'>hoc</span> <span class='ocrx_word' id='word_1_400' title='bbox 881 2513 893 2531; x_wconf 84' lang='lat'><strong>‚</strong></span> <span class='ocrx_word' id='word_1_401' title='bbox 911 2495 954 2525; x_wconf 86' lang='lat' dir='ltr'>ut</span> <span class='ocrx_word' id='word_1_402' title='bbox 969 2486 1160 2539; x_wconf 84' lang='lat' dir='ltr'>judicium</span> <span class='ocrx_word' id='word_1_403' title='bbox 1172 2486 1335 2535; x_wconf 70' lang='lat' dir='ltr'>Epist-opi</span> <span class='ocrx_word' id='word_1_404' title='bbox 1346 2496 1461 2535; x_wconf 83' lang='lat' dir='ltr'><em>praee-</em></span> 
     </span>
     <span class='ocr_line' id='line_1_47' title="bbox 147 2537 1457 2593; baseline -0.005 -11"><span class='ocrx_word' id='word_1_405' title='bbox 147 2545 292 2593; x_wconf 81' lang='lat' dir='ltr'>ligentis</span> <span class='ocrx_word' id='word_1_406' title='bbox 311 2548 420 2592; x_wconf 84' lang='lat' dir='ltr'>magis</span> <span class='ocrx_word' id='word_1_407' title='bbox 451 2556 562 2581; x_wconf 80' lang='lat' dir='ltr'>unum</span> <span class='ocrx_word' id='word_1_408' title='bbox 578 2568 590 2586; x_wconf 91' lang='lat'>‚</span> <span class='ocrx_word' id='word_1_409' title='bbox 618 2555 724 2592; x_wconf 86' lang='lat' dir='ltr'>quam</span> <span class='ocrx_word' id='word_1_410' title='bbox 740 2541 894 2578; x_wconf 82' lang='lat' dir='ltr'>alterum</span> <span class='ocrx_word' id='word_1_411' title='bbox 911 2565 921 2583; x_wconf 95' lang='lat'>,</span> <span class='ocrx_word' id='word_1_412' title='bbox 938 2543 976 2575; x_wconf 85' lang='lat' dir='ltr'>in</span> <span class='ocrx_word' id='word_1_413' title='bbox 1002 2537 1208 2591; x_wconf 80' lang='lat' dir='ltr'>hujusmodi</span> <span class='ocrx_word' id='word_1_414' title='bbox 1239 2539 1457 2586; x_wconf 72' lang='lat' dir='ltr'>cancurstbut</span> 
     </span>
     <span class='ocr_line' id='line_1_48' title="bbox 141 2591 1455 2649; baseline -0.005 -16"><span class='ocrx_word' id='word_1_415' title='bbox 141 2598 236 2647; x_wconf 69' lang='lat' dir='ltr'>poffi‘t</span> <span class='ocrx_word' id='word_1_416' title='bbox 250 2593 433 2649; x_wconf 75' lang='lat' dir='ltr'>objurgari</span> <span class='ocrx_word' id='word_1_417' title='bbox 448 2619 461 2638; x_wconf 90' lang='lat'>‚</span> <span class='ocrx_word' id='word_1_418' title='bbox 491 2598 534 2638; x_wconf 71' lang='lat'><em>&amp;</em></span> <span class='ocrx_word' id='word_1_419' title='bbox 548 2594 706 2642; x_wconf 82' lang='lat' dir='ltr'>rescindi</span> <span class='ocrx_word' id='word_1_420' title='bbox 718 2605 900 2643; x_wconf 79' lang='lat' dir='ltr'>tamquam</span> <span class='ocrx_word' id='word_1_421' title='bbox 925 2592 1174 2630; x_wconf 77' lang='lat' dir='ltr'>irrationabile</span> <span class='ocrx_word' id='word_1_422' title='bbox 1185 2617 1198 2635; x_wconf 90' lang='lat'>‚</span> <span class='ocrx_word' id='word_1_423' title='bbox 1213 2591 1455 2640; x_wconf 82' lang='lat' dir='ltr'>expostulatur</span> 
     </span>
     <span class='ocr_line' id='line_1_49' title="bbox 144 2642 1452 2697; baseline -0.008 -9"><span class='ocrx_word' id='word_1_424' title='bbox 144 2659 249 2688; x_wconf 78' lang='lat' dir='ltr'>tanta</span> <span class='ocrx_word' id='word_1_425' title='bbox 277 2652 484 2685; x_wconf 79' lang='lat' dir='ltr'>meritorum</span> <span class='ocrx_word' id='word_1_426' title='bbox 516 2673 530 2692; x_wconf 85' lang='lat'>,</span> <span class='ocrx_word' id='word_1_427' title='bbox 560 2649 602 2690; x_wconf 68' lang='grc' dir='ltr'>ὠ·</span> <span class='ocrx_word' id='word_1_428' title='bbox 621 2649 945 2697; x_wconf 78' lang='lat' dir='ltr'>praeragativarnm</span> <span class='ocrx_word' id='word_1_429' title='bbox 978 2642 1205 2694; x_wconf 63' lang='lat' dir='ltr'>inaequalitas</span> <span class='ocrx_word' id='word_1_430' title='bbox 1222 2666 1237 2687; x_wconf 63' lang='lat'><em>2</em></span> <span class='ocrx_word' id='word_1_431' title='bbox 1264 2654 1305 2680; x_wconf 80' lang='lat' dir='ltr'>ut</span> <span class='ocrx_word' id='word_1_432' title='bbox 1327 2646 1452 2689; x_wconf 76' lang='lat' dir='ltr'>pariat</span> 
     </span>
     <span class='ocr_line' id='line_1_50' title="bbox 145 2695 1452 2749; baseline -0.007 -9"><span class='ocrx_word' id='word_1_433' title='bbox 145 2700 368 2748; x_wconf 83' lang='lat' dir='ltr'>manifestum</span> <span class='ocrx_word' id='word_1_434' title='bbox 382 2724 394 2742; x_wconf 84' lang='lat'>‚</span> <span class='ocrx_word' id='word_1_435' title='bbox 425 2702 468 2742; x_wconf 66' lang='grc' dir='ltr'>ὡ·</span> <span class='ocrx_word' id='word_1_436' title='bbox 488 2700 771 2749; x_wconf 80' lang='lat' dir='ltr'>inexcusabilem</span> <span class='ocrx_word' id='word_1_437' title='bbox 786 2695 962 2743; x_wconf 80' lang='lat' dir='ltr'>exceffum</span> <span class='ocrx_word' id='word_1_438' title='bbox 975 2710 990 2737; x_wconf 58' lang='grc' dir='ltr'>ι·</span> <span class='ocrx_word' id='word_1_439' title='bbox 1018 2701 1071 2735; x_wconf 85' lang='lat' dir='ltr'>ita</span> <span class='ocrx_word' id='word_1_440' title='bbox 1085 2707 1127 2735; x_wconf 85' lang='lat' dir='ltr'>ut</span> <span class='ocrx_word' id='word_1_441' title='bbox 1144 2697 1177 2746; x_wconf 84' lang='lat' dir='ltr'><em>fi</em></span> <span class='ocrx_word' id='word_1_442' title='bbox 1205 2709 1272 2733; x_wconf 85' lang='lat' dir='ltr'>non</span> <span class='ocrx_word' id='word_1_443' title='bbox 1297 2696 1375 2733; x_wconf 77' lang='lat' dir='ltr'>dolo</span> <span class='ocrx_word' id='word_1_444' title='bbox 1388 2704 1452 2744; x_wconf 85' lang='lat' dir='ltr'>po-</span> 
     </span>
    </p>

    <p class='ocr_par' dir='ltr' id='par_1_9' title="bbox 253 2747 1454 2796">
     <span class='ocr_line' id='line_1_51' title="bbox 253 2747 1454 2796; baseline -0.008 -4"><span class='ocrx_word' id='word_1_445' title='bbox 253 2753 523 2792; x_wconf 75' lang='lat' dir='ltr'><em>Tom.XXXV.</em></span> <span class='ocrx_word' id='word_1_446' title='bbox 836 2747 905 2786; x_wconf 87' lang='lat' dir='ltr'>Cc</span> <span class='ocrx_word' id='word_1_447' title='bbox 941 2760 959 2783; x_wconf 76' lang='grc' dir='ltr'><strong><em>ι</em></strong></span> <span class='ocrx_word' id='word_1_448' title='bbox 1368 2748 1454 2796; x_wconf 77' lang='lat' dir='ltr'>sici-</span> 
     </span>
    </p>
   </div>
  </div>
 </body>
</html>
