1986 2996
597 173 659 199 20.
677 160 889 208 Septembre
922 161 1036 206 1766.
1429 176 1508 212 229

117 213 268 253 Glotcus
299 213 508 260 Raynerius
540 212 760 252 canonicus
793 211 1006 251 Perusinus
1035 236 1048 256 ‚
1076 209 1146 261 qui
1178 220 1269 250 eam
1299 209 1473 259 poffidet
1491 241 1508 261 ‚

170 264 427 313 supplicavit
444 276 514 313 pro
529 261 730 304 facultate
744 263 981 303 celebrandi
1002 264 1041 302 in
1057 262 1224 304 ecclefia
1243 264 1509 311 cathedrali,

170 316 220 355 de
239 329 316 366 qua
336 316 572 355 obtinuerat
586 317 822 356 consensum
841 329 862 355 a
881 319 1007 358 Curtio
1027 325 1141 363 patre
1159 316 1281 355 unico
1302 324 1473 364 patrono
1490 342 1508 363 ,

171 371 211 409 ὃς
226 371 273 407 ab
291 369 338 408 iis
368 369 579 408 monachis
594 395 606 415 ‚
637 370 705 418 qui
723 377 860 408 tamen
893 369 1201 417 beneplacitum
1219 368 1505 418 Apostolicum

170 423 288 470 super
306 434 352 460 ea
370 420 572 460 facultate
593 423 865 461 reservarunt.
884 421 1149 462 Contradixit
1166 422 1291 471 usque
1308 422 1356 461 ab
1384 422 1506 462 initio

168 474 338 512 nomine
365 473 497 512 totius
527 474 859 523 congregationis
874 476 1093 512 Procurator
1115 474 1298 522 generalis
1331 476 1469 514 ordinis
1490 499 1506 519 ,

170 534 259 565 tum
276 526 368 576 quia
386 525 551 564 illorum
568 528 862 566 monachorum
877 526 1088 564 consensus
1104 527 1183 569 fine
1200 526 1378 573 supremi
1394 540 1510 578 regu-=¹

171 580 272 617 laris
289 578 544 627 magistratus
561 577 764 627 permissu,
782 579 820 617 ὃς
836 578 1198 627 app1·obatione,ex
1212 579 1383 627 propriis
1401 580 1511 630 legi-

171 632 243 669 bus
258 630 398 670 irritus
413 639 613 675 erat,tum
629 642 678 670 ne
693 630 861 671 ecclefia
880 629 1121 680 quotidiano
1135 631 1245 673 sacro
1259 631 1512 678 privaretur,

170 693 259 722 tum
289 695 339 721 ne
355 683 686 724 emolumentum
715 683 934 728 amitteret
958 693 1006 722 ex
1030 681 1310 728 omissionibus
1329 683 1510 733 capellani

169 737 443 774 obventurum
461 764 471 774 .

120 786 262 839 Inquit
280 799 383 826 nunc
403 788 548 827 Glottm
566 789 760 834 sejustam
776 811 789 831 ‚
820 787 1137 839 legitimamque
1159 787 1322 826 causam
1351 788 1501 827 habere

168 842 220 879 ob
234 840 521 879 canonicatum
540 866 553 884 ‚
582 853 704 890 quem
722 842 843 880 habet
857 871 866 879 .
897 840 1008 878 Hinc
1023 841 1122 885 juste
1141 847 1358 889 patronum
1371 838 1498 880 affen-

163 894 250 931 sum
269 891 471 939 praebuiffe
490 918 502 937 ‚
531 894 570 932 St
588 906 634 932 ex
652 892 855 932 facultate
872 892 953 935 ipsa
972 917 984 935 ‚
1016 904 1139 941 quam
1153 892 1338 931 testatrix
1359 892 1497 940 primo

170 944 322 983 haeredi
342 968 355 987 ‚
385 944 451 982 hic
467 952 608 983 autem
625 943 911 989 successoribus
942 943 1062 983 dedit
1091 943 1132 990 in
1153 944 1236 993 ipsa
1251 943 1498 985 fundatione

178 996 277 1046 capel
280 997 389 1035 lanice
401 1024 410 1034 .

116 1047 271 1098 Neque
285 1049 435 1086 obstare
451 1073 463 1093 ,
497 1047 603 1098 quod
624 1047 695 1087 dos
709 1048 916 1096 capellaniae
932 1047 1000 1094 ipsi
1017 1045 1137 1086 altari
1155 1058 1225 1095 per
1245 1046 1502 1087 irrevocabi-

175 1102 260 1139 lem
275 1099 545 1140 donationem
555 1101 648 1140 data
662 1100 789 1140 fuerit
806 1129 816 1139 .
837 1099 913 1137 Ait
932 1099 1042 1138 enim
1065 1099 1168 1137 nihil
1186 1099 1351 1138 detrahi
1369 1112 1416 1139 ex
1432 1099 1505 1138 do-

175 1152 344 1191 natione
360 1163 430 1199 per
453 1153 555 1190 hanc
586 1151 860 1199 facultatem.
895 1150 937 1188 In
967 1150 1051 1199 ipsa
1079 1150 1304 1190 donatione
1321 1153 1505 1192 reserva-1

178 1214 269 1243 tum
287 1203 467 1252 patronis
487 1205 548 1248 jus
570 1204 778 1244 variandi.
812 1202 1082 1242 Testatricem
1114 1203 1277 1254 nullum
1310 1210 1503 1243 certum-i

169 1258 309 1295 locum
327 1254 538 1302 respexisse
558 1287 566 1294 .
596 1257 830 1295 Arbitrium
846 1255 1007 1293 deloco
1026 1254 1179 1294 dedisse
1209 1255 1499 1304 nullislimiti-

169 1311 240 1348 bus
255 1308 612 1350 circumscriptum
630 1340 640 1349 .
670 1309 715 1347 In
734 1309 807 1347 illa
826 1308 1003 1346 Ecclesia
1023 1307 1234 1346 conditam
1251 1320 1330 1347 non
1347 1306 1463 1349 fuisse
1480 1338 1494 1348 .

171 1362 221 1400 Se
240 1370 379 1401 autem
397 1361 563 1403 Glottam
581 1360 658 1405 esse
678 1360 999 1406 descendentem
1016 1372 1061 1399 ex
1079 1363 1240 1398 Lavinia
1254 1390 1264 1400 .
1293 1360 1434 1407 Etiam>
1449 1371 1499 1401 ex

172 1413 407 1462 presumpta
425 1415 646 1453 testatricis
665 1422 806 1460 mente
825 1411 893 1461 sibi
910 1415 1012 1452 hanc
1028 1413 1267 1453 libertatem
1287 1424 1368 1463 non
1388 1413 1498 1455 invi-

174 1466 351 1504 dendam
373 1492 386 1510 ,
416 1479 489 1504 nec
507 1466 788 1517 denegandam
806 1495 816 1505 .

115 1518 270 1558 Contra
298 1531 398 1557 vero
429 1518 710 1569 Congregatio
727 1522 1018 1558 monachorum
1039 1523 1083 1557 S.
1105 1521 1286 1555 Rernardi
1303 1543 1317 1560 ‚
1334 1518 1497 1568 capella-

167 1575 265 1608 niam
284 1571 417 1620 inquit
436 1572 614 1612 erec‘tam
642 1571 756 1611 fuisse
786 1572 825 1609 in
854 1569 1057 1618 designata
1089 1569 1255 1608 ecclesia
1273 1571 1319 1609 S.
1337 1570 1497 1619 Joanm‘s

164 1624 331 1672 Baptzstae
349 1623 397 1660 ad
416 1625 544 1669 altare
563 1626 690 1671 majus
706 1627 750 1663 S.
768 1622 947 1662 Bernardi
965 1623 1014 1660 ab
1031 1621 1208 1665 haerede,
1225 1622 1296 1672 qui
1312 1622 1496 1660 testatri-

163 1676 222 1715 cis
240 1674 478 1716 mandatum
499 1677 693 1725 implevit
707 1703 721 1722 ‚
741 1674 1127 1724 consummavitque
1144 1685 1212 1722 per
1241 1674 1496 1714 irrevocabi-

165 1729 249 1766 lem
266 1728 402 1765 astum
418 1757 428 1765 .
461 1729 521 1766 Ibi
537 1730 661 1778 usque
680 1740 785 1769 nunc
799 1729 907 1768 sacra
925 1728 1013 1766 afta
1028 1724 1144 1764 fuisse
1158 1749 1172 1766 ,
1195 1726 1342 1767 eadem
1362 1727 1497 1779 proin-

165 1780 216 1818 de
250 1792 330 1817 non
356 1778 453 1816 alibi
480 1781 722 1820 celebranda
749 1780 926 1825 Antonel.
946 1781 991 1817 de
1020 1780 1086 1826 loc.
1103 1778 1208 1827 legal.
1231 1779 1339 1818 liba.
1357 1788 1433 1828 cap.
1453 1788 1493 1821 ς.

165 1845 263 1870 mim.
275 1844 288 1871 1
303 1845 332 1869 1.
353 1856 365 1875 ‚
386 1834 428 1874 ἶς’
443 1835 478 1873 S
481 1846 536 1870 ae.
555 1835 682 1882 Congr.
697 1837 736 1870 in
751 1833 914 1881 Casalen.
931 1836 989 1872 28.
1011 1831 1191 1882 Jamcarii
1211 1836 1327 1882 1764.
1345 1858 1359 1876 ,
1395 1834 1439 1876 ὠ·
1452 1833 1492 1869 itt

175 1884 350 1930 Perusina
372 1896 429 1922 12.
459 1883 563 1936 Maji
577 1889 663 1922 anni
677 1884 787 1933 elapsi
803 1915 812 1923 .

109 1935 331 1985 Perperam
347 1937 658 1975 autemGlottum
674 1935 897 1986 confugere
911 1936 961 1975 ad
979 1935 1226 1976 facultatem
1244 1933 1436 1974 variandi
1454 1934 1497 1984 5.ss

159 1987 367 2028 erectione
382 1987 608 2028 haeredibus
628 1989 876 2028 reservatam
905 2017 914 2026 .
935 1988 1209 2027 Testatricem
1232 1985 1384 2025 dedisse
1402 1996 1495 2036 eam

161 2040 410 2080 facultatem
424 2040 510 2078 filio
530 2066 543 2084 ‚
576 2052 656 2078 non
675 2040 772 2078 huic
792 2063 805 2082 ,
827 2046 873 2076 ut
892 2039 986 2084 aliis
1004 2050 1098 2077 eam
1118 2038 1377 2085 relinqueret
1394 2065 1404 2074 .
1426 2036 1494 2074 In-

164 2095 280 2141 super
296 2092 426 2140 ipsum
445 2091 625 2140 Jacohum
638 2090 985 2134 Antoniumsilium
998 2090 1038 2126 in
1056 2087 1263 2127 erec‘tione
1281 2085 1495 2136 respexisse

165 2146 284 2184 unice
299 2143 563 2183 conditiones
582 2154 631 2182 ex
651 2141 872 2182 abundanti
889 2139 1070 2180 adieetas
1090 2153 1111 2178 a
1129 2140 1167 2178 se
1186 2163 1200 2184 ‚
1218 2150 1297 2177 non
1314 2152 1413 2177 vero
1430 2137 1495 2178 fa-

162 2199 369 2238 cultatem
382 2194 432 2234 de
447 2195 647 2244 ‚capellania
663 2220 675 2240 ,
698 2195 766 2234 vel
785 2192 1044 2237 ‚celebrandis
1058 2191 1179 2231 sacris
1196 2190 1493 2230 transferendis

166 2250 218 2290 ad
249 2250 374 2288 aliam
402 2248 618 2287 ecclesiam
645 2273 658 2293 ‚
691 2247 730 2286 ὃς
760 2245 877 2285 aliud
902 2245 1034 2283 altare
1068 2241 1272 2289 diversum
1290 2254 1312 2281 a
1343 2243 1499 2291 primo,

169 2302 236 2340 cui
251 2304 335 2348 jam
354 2299 669 2338 irrevocabilem
687 2298 795 2337 inter
824 2298 941 2336 vivos
974 2296 1084 2335 dotis
1119 2294 1278 2334 fecerat
1308 2294 1500 2333 donatio-

169 2353 231 2394 nis
245 2378 259 2396 2
278 2357 361 2393 Rot.
377 2357 415 2390 in
432 2352 580 2390 calven.
600 2351 775 2396 Βεηςίίεἱὶ
794 2354 830 2388 8.
846 2351 984 2387 Martii
1009 2353 1122 2396 1748.
1155 2349 1191 2401 ᾧ.
1211 2361 1271 2396 14.
1292 2360 1408 2384 coram
1426 2348 1498 2385 Ca-

168 2405 295 2442 m'lh'ac
309 2431 323 2450 ,
344 2409 386 2450 ὠ·
401 2408 439 2441 in
458 2405 603 2449 [molen.
612 2404 723 2453 super
736 2402 930 2453 reservatis
956 2413 1016 2443 13.
1040 2400 1153 2450 Junii
1189 2413 1302 2453 1749.
1321 2400 1401 2453 §.4
1424 2412 1495 2438 cor.

172 2457 349 2494 Clementi
366 2486 377 2496 .

109 2509 225 2552 Hinc
243 2509 405 2547 inanem
419 2509 494 2548 esse
510 2507 670 2558 patroni
685 2507 921 2546 consensum
937 2529 951 2550 ‚
971 2505 1040 2554 qui
1058 2503 1133 2542 filii
1152 2502 1375 2543 commodo
1396 2514 1496 2541 con-

165 2562 282 2600 nivet
296 2584 309 2603 ,
326 2573 458 2610 neque
476 2562 607 2600 ullum
626 2560 749 2598 habet
767 2557 991 2609 derogandi
1006 2555 1223 2597 arbitrium
1240 2555 1291 2596 de
1308 2556 1405 2606 lege
1421 2580 1436 2601 ,
1452 2556 1492 2596 Sc

176 2613 270 2652 loco
284 2612 490 2660 capeilaniae
501 2642 511 2652 .

115 2666 178 2706 Im
186 2672 339 2713 pugnat
352 2664 513 2703 demum
526 2667 667 2711 justam
681 2664 812 2709 adesse
827 2663 987 2710 causam
999 2658 1245 2710 derogandi.
1263 2658 1493 2717 Cathedrad

171 2719 255 2757 lem
275 2717 453 2764 ecclefiam
468 2728 608 2763 parum
625 2719 673 2757 ab
695 2714 868 2759 ‘ecclesia
897 2719 943 2756 S.
961 2713 1117 2763 Joannis
1140 2712 1310 2763 Baptistae
1328 2710 1488 2768 distare:

236 2770 506 2809 TomXXXVZ
962 2766 990 2804 F
1007 2765 1028 2805 f
1052 2779 1073 2810 3
1447 2763 1501 2801 21⁶
