1981 2964
157 233 424 270 monumenta
438 230 654 271 necessaria
669 231 719 270 ob
737 231 847 270 illius·
864 235 1153 281 paupertatem
1168 255 1183 277 ‚
1219 195 1491 283 rescripturss

161 283 214 321 est
243 282 363 320 dilata
379 309 390 326 ‚
412 286 451 326 ξς·
466 286 515 320 ad
527 296 694 328 mentem,
710 298 794 334 quae
814 283 910 330 fuit,
931 294 975 323 ut
995 286 1391 327 subministrarentur
1404 291 1491 328 Du-

158 336 252 382 raffio
287 336 384 374 scut.
404 347 463 377 50.
480 337 533 374 ad
547 337 765 384 parandam
783 336 1054 377 defensionem
1074 368 1084 379 .

108 383 328 426 Recusavit
368 399 455 426 eam
494 389 769 437 quantitatem
795 416 807 434 ‚
838 402 859 427 a
889 401 1121 437 promotore
1171 390 1290 429 curia:
1326 391 1491 441 Spiren-

158 439 204 477 fis
234 440 366 477 statim
382 441 576 484 oblatam,
594 442 777 488 recipere
794 440 978 481 defensor
994 467 1006 484 ‚
1024 443 1116 493 quia
1135 443 1296 481 nullum
1314 444 1352 482 in
1371 444 1410 482 id
1427 445 1491 482 di-

154 491 218 529 xit
234 492 272 530 se
289 494 433 530 habere
451 492 684 530 mandatum
703 522 712 531 .
746 494 899 532 Verum
920 495 958 532 in
977 494 1306 543 Congregatione
1323 496 1405 534 diei
1424 510 1489 536 22.

156 543 363 592 sequentis
395 546 618 581 Novembris
636 556 781 581 novam
810 546 1055 584 dilationem
1088 547 1213 593 petiit
1231 572 1244 591 ‚
1275 560 1359 597 quae
1390 560 1490 587 con-

155 593 259 634 ceffa
278 597 341 634 est⁴
360 594 616 633 Postmodum
634 597 693 632 die
712 598 972 637 20.Fchruarii
988 599 1188 636 currentis
1204 610 1251 636 an
1261 600 1489 640 nideclara—

155 648 221 686 vit
246 662 313 685 non
330 647 486 693 habuiff‘e
505 647 713 683 mandatum
726 657 884 696 procurae
897 675 909 693 ‚
933 663 996 686 nec
1012 649 1080 697 effe
1101 649 1196 686 velle
1213 648 1289 701 ejus
1319 660 1488 698 procura-

156 709 268 789 tore?
292 727 302 737 .
334 698 507 737 Instante
536 698 662 747 igitur
695 701 806 739 curia
834 701 986 750 Spiren.
1018 727 1030 747 ‚
1074 701 1207 742 denuo
1240 713 1345 738 nunc
1373 704 1488 742 redit:

161 763 234 790 cau
255 763 276 789 a
294 780 304 789 .

102 799 320 842 Promotor
338 803 590 853 summopere
621 805 731 844 suam
745 805 992 845 sententiam
1008 814 1149 847 tuetur
1166 833 1179 852 ‚
1210 818 1254 845 ac
1269 808 1487 846 monstrare

151 856 305 895 nititur
323 854 560 901 injustitiam
587 857 840 907 Moguntinae
864 888 874 897 .
902 858 978 897 Ait
1009 871 1055 899 ex
1077 859 1234 907 duplici
1259 860 1375 899 causa
1404 860 1488 907 pri-

150 916 295 947 vatum
313 907 454 956 Darass
471 932 482 951 ,
513 921 658 958 nempe
674 935 686 953 ‚
705 912 744 947 oh
761 915 866 947 varia
885 911 1013 948 deliffa
1030 916 1144 948 carnis
1165 935 1178 953 ‚
1211 913 1254 953 &³
1279 913 1487 949 concubina—

148 970 229 998 tum
247 985 260 1005 ‚
294 963 337 1004 (ἐν
353 961 563 1009 ohsupinam
579 963 833 1011 negligentiam
857 967 895 1000 in
906 964 1172 1012 frequentando
1187 964 1304 1006 choro,
1325 966 1367 1006 (22-
1385 964 1485 1000 divi-0

151 1016 207 1051 κίε
222 1013 341 1061 officiis
359 1042 370 1053 .
401 1012 463 1052 De
480 1022 656 1065 utroque
674 1016 829 1053 nullam
847 1015 1149 1054 dubitationem
1177 1016 1215 1053 in
1232 1012 1339 1053 fafto
1355 1015 1484 1059 oriri,

150 1066 191 1105 δι’
208 1064 376 1116 quidem
406 1076 452 1104 ex
469 1065 740 1106 affirmatione
768 1067 883 1115 ipsius
912 1068 1054 1115 Durass
1073 1097 1081 1105 .
1098 1066 1288 1106 Dubitari
1320 1076 1484 1106 tantum

149 1116 260 1165 poffe
274 1117 324 1157 de
341 1119 502 1157 servato
514 1119 659 1158 ordine
675 1118 822 1164 judicii
836 1120 947 1164 juxta
969 1121 1102 1169 legem
1121 1119 1300 1158 Concilii
1317 1144 1329 1163 ,
1359 1131 1484 1170 quem

148 1170 359 1210 servatum
378 1170 417 1209 in
433 1171 619 1209 omnibus
648 1171 886 1210 adamuffim
905 1170 1020 1211 fuisse
1036 1170 1269 1211 contendit.

104 1219 304 1263 Advertit
327 1222 485 1262 curiam
512 1223 804 1273 Moguntinam
843 1237 921 1263 non
948 1223 1151 1264 revocasse
1198 1224 1358 1273 integre
1389 1224 1482 1262 sen-

146 1276 324 1315 tentiam
352 1275 583 1325 Spirensem
614 1301 628 1321 ‚
660 1276 727 1316 sed
753 1276 985 1318 reformasse
1021 1289 1092 1326 pro
1125 1289 1172 1315 ea
1198 1285 1312 1324 parte
1344 1303 1357 1321 ‚
1389 1289 1477 1326 quae

147 1328 394 1378 respiciebat
422 1328 528 1367 vitia
548 1328 677 1367 carnis
697 1359 706 1368 .
736 1329 846 1367 Hinc
878 1330 1061 1374 injustam
1080 1329 1208 1367 etiam
1236 1331 1311 1367 hoc
1343 1329 1482 1373 capite

151 1393 242 1420 eam
257 1380 362 1418 dicit
376 1405 390 1424 ‚
420 1391 505 1427 qua:
522 1380 699 1417 restituit
717 1379 861 1425 Durasr
878 1404 890 1423 ,
925 1380 1069 1417 saltem
1099 1381 1150 1416 ob
1180 1379 1481 1427 longissimam-0

147 1431 372 1470 absentiam
386 1432 546 1469 achoro
560 1431 657 1474 juste
675 1430 881 1479 privatum
909 1430 1069 1468 servata
1098 1430 1296 1469 methodo
1312 1457 1326 1475 ‚
1356 1443 1477 1481 quam

145 1482 384 1524 Concilium
409 1482 643 1529 praescripfit
660 1506 673 1525 ‚
703 1481 879 1528 primum
909 1481 1093 1519 detrac‘ta
1112 1482 1340 1520 medietate
1366 1483 1477 1521 redi·-

146 1542 266 1576 tuum
283 1559 296 1578 ‚
324 1533 456 1582 postea
471 1531 670 1571 reditibus
688 1532 873 1570 omnibus
890 1557 903 1577 ‚
931 1533 1075 1570 relicta
1092 1540 1254 1569 tantum
1271 1545 1447 1581 congrua
1462 1559 1478 1578 ,

144 1599 198 1628 ne
211 1587 243 1625 is
259 1583 530 1630 mendicaret,
542 1583 612 1635 qui
627 1583 676 1622 ad
692 1584 867 1623 titulum
882 1583 1145 1623 canonicatus
1160 1584 1326 1623 ordines
1345 1586 1476 1624 sulce-

141 1647 261 1692 perat
276 1669 285 1679 .
326 1636 432 1676 Cum
456 1637 506 1676 de
525 1636 686 1686 reliquo
710 1636 946 1676 Concilium
962 1636 1075 1674 dicat
1103 1635 1153 1674 de
1170 1637 1368 1675 canonico
1387 1647 1474 1675 tan-2

142 1689 362 1733 tummodo
393 1702 464 1739 per
478 1689 704 1729 triennium
721 1689 956 1738 negligente
972 1690 1026 1737 *de
1039 1691 1159 1738 Nigr.
1174 1690 1218 1726 de
1234 1700 1353 1728 vacat.
1371 1691 1473 1728 hene-

135 1747 202 1794 ftc.
220 1746 329 1783 tim.
348 1752 423 1792 cap.
438 1746 476 1781 6.
493 1755 590 1780 num.
605 1755 668 1790 42.
689 1743 732 1784 &-
745 1739 814 1778 alii
834 1769 845 1780 .

94 1797 324 1850 speciatim
353 1795 404 1834 de
421 1794 582 1834 delictis
597 1794 726 1833 carnis
743 1819 756 1838 ‚
785 1801 882 1832 ante
899 1793 1144 1835 sententiam
1161 1794 1263 1834 nihil
1289 1792 1476 1833 omiffum

143 1847 261 1890 fuiffe
282 1856 513 1897 propugnat
529 1875 540 1886 .
569 1846 698 1885 Addit
716 1844 951 1885 Conci-lium
979 1847 1093 1898 loqui
1113 1848 1163 1887 de
1180 1848 1377 1895 suspecto,
1393 1859 1474 1886 non

141 1910 286 1943 autem
315 1900 366 1939 de
394 1899 614 1938 criminoso
641 1898 803 1938 notorio
819 1925 832 1944 ‚
861 1910 908 1938 ac
939 1911 1016 1938 non
1035 1898 1280 1939 emendabili
1313 1899 1471 1939 clerico

142 1952 379 2004 Reinfestuel.
394 1956 434 1992 in
452 1951 539 2009 Jur.
557 1965 678 1992 canon.
708 1954 766 1992 tit.
783 1951 828 1991 de
843 1952 994 1992 cohabit.
1009 1952 1130 1993 cleric.
1164 1955 1207 1997 ’ἐν
1224 1952 1366 1991 mulier.
1386 1951 1468 1999 §.m

141 2018 310 2057 mem.54.

90 2058 191 2101 Non
207 2073 358 2099 novum
386 2061 464 2103 esse
478 2062 516 2102 in
531 2070 621 2104 tota
634 2063 854 2104 Germania
869 2062 1001 2102 statim
1021 2061 1180 2111 privare
1198 2063 1274 2099 hos
1285 2057 1472 2113 publicos

140 2121 361 2164 peccantes
374 2115 548 2154 clericos
564 2140 577 2160 ‚
606 2129 684 2156 non
701 2116 871 2156 servatis
887 2125 1094 2164 poenarum
1112 2113 1299 2161 gradibus
1332 2123 1352 2148 a
1373 2108 1470 2166 Tri-2

140 2165 313 2205 dentino
331 2168 566 2216 praescriptis
584 2199 594 2208 .
627 2170 772 2209 Extare
791 2169 831 2207 in
850 2180 940 2207 eam
958 2177 1042 2206 rem
1059 2166 1199 2204 literas
1219 2164 1468 2212 Apostolicas

139 2217 351 2257 sammem.
370 2217 599 2260 Clementis
622 2220 693 2260 XI.
722 2221 910 2272 Denique
931 2218 1100 2266 plurimi
1121 2217 1392 2255 aestimandum
1407 2214 1471 2258 )ἰιεἰ

141 2269 327 2315 dicium,
354 2281 402 2309 ac
432 2272 709 2311 testimonium
731 2274 846 2322 ipsius
866 2271 1054 2321 Episcopi
1086 2269 1301 2318 spirensis.
1333 2268 1468 2320 Ipsum

141 2333 242 2362 vero
272 2322 412 2372 Durass
441 2324 515 2361 suae
535 2325 662 2373 culpae
679 2325 889 2364 conscium
905 2339 920 2366 3
939 2324 1032 2363 ideo
1049 2334 1180 2373 neque
1197 2322 1311 2361 suam
1326 2319 1469 2358 deten-

143 2373 291 2415 {ionem
309 2373 456 2423 parasse
473 2405 483 2415 .

88 2422 306 2466 Notiffima
322 2430 376 2467 est
393 2427 543 2467 sanctio
558 2426 1128 2468 Trid·entina.P0nderandum
1144 2437 1240 2463 num
1257 2423 1297 2463 fu
1307 2423 1385 2462 erit
1400 2436 1472 2463 un-

143 2489 262 2528 quam
290 2481 505 2529 approbata
524 2481 717 2528 privatio,
733 2491 810 2518 non
826 2479 982 2517 servata
1005 2479 1044 2516 in
1058 2478 1243 2516 omnibus
1259 2500 1273 2519 ‚
1303 2477 1340 2516 Sc
1358 2477 1474 2516 inte--

139 2541 212 2579 gre
243 2528 370 2570 forma
400 2544 423 2571 a
441 2532 632 2571 Concilio
648 2532 896 2581 praescripta.
929 2529 1165 2571 Videndum
1195 2528 1290 2579 quid
1314 2528 1469 2568 dixerit

137 2580 239 2618 Rota
253 2584 290 2618 in
301 2585 332 2619 F
334 2586 496 2633 ristngen.
514 2585 740 2623 parochialis
770 2590 806 2624 8.
823 2582 971 2633 Aprilts
996 2597 1008 2620 1
1019 2597 1038 2629 7
1050 2595 1109 2626 15.
1131 2594 1250 2620 coram
1266 2584 1408 2624 Scotto,
1423 2584 1468 2619 in

139 2633 293 2673 Placen.
311 2636 494 2675 Paroa-hie
507 2652 545 2686 9.
565 2639 775 2676 Decembris
799 2648 913 2684 1743.
933 2643 1012 2681 ὣς).
1032 2648 1148 2673 coram
1163 2635 1264 2672 Lana
1283 2659 1294 2678 ,
1328 2636 1370 2677 ὠ·
1400 2643 1463 2677 15.

141 2684 257 2736 Jum'i
280 2695 471 2734 1744553.
488 2704 606 2731 coram
621 2687 1111 2732 ctarmemssaraMillino.
1144 2684 1460 2727 ponderandum

194 2738 291 2778 Tm.
305 2739 492 2783 XXXIV.
857 2739 895 2782 G
1359 2748 1464 2780 num
