1986 2996
544 180 597 221 64
999 190 1058 215 22.
1073 179 1210 214 Martii
1232 180 1344 224 1766.

544 225 714 263 Columna
733 250 744 270 ,
771 226 797 263 fi
814 227 889 265 hoc
904 237 1002 266 onus
1020 230 1225 277 applicandi
1239 227 1433 269 sacrificia
1451 226 1591 266 aderat
1608 251 1620 273 ,
1645 227 1853 268 declarare

546 278 646 315 illud
664 278 972 324 praetermiliffet
987 310 996 318 .
1681 307 1683 310 .
1723 291 1749 296 ‘⁴

500 329 651 370 Itidem
670 330 884 378 capellanias
899 357 911 375 ,
929 344 1148 383 earumque
1162 333 1317 373 reditus
1335 345 1411 371 non
1429 333 1568 371 clericis
1586 358 1599 377 ‚
1615 333 1681 371 sed
1699 333 1857 382 capitu-

544 382 585 418 lo
604 380 719 419 datos
736 394 826 420 cum
847 382 1047 423 facultate
1065 386 1102 423 in
1123 386 1205 434 filos
1221 412 1234 430 ‚
1263 399 1307 424 ac
1335 386 1610 434 capellaniarum
1625 409 1638 428 ,
1666 388 1712 428 ’ἶς’
1736 385 1861 432 vmensa?

542 432 633 470 usus
649 457 661 475 ‚
694 446 738 471 ac
759 435 987 473 utilitatem
1015 438 1311 482 convertendi,
1342 447 1579 487 partemque
1609 436 1855 490 designatam

539 483 746 523 redituum
760 487 881 525 dandi
898 487 1037 526 clericis
1057 518 1065 527 .
1098 489 1464 538 Capitulumplura
1496 501 1618 528 onera
1645 489 1751 528 terre
1768 512 1780 530 ‚
1811 489 1849 527 ἃ

536 537 641 574 sacra
656 550 881 589 agei·e,qu.e
896 540 943 577 ad
961 541 1173 589 capellanias
1193 541 1334 581 referri
1365 539 1519 589 possunt
1535 570 1544 580 .
1565 538 1848 579 Neceil‘arium
1904 566 1906 570 ψ

534 599 614 625 non
633 588 708 628 effe
727 615 739 634 ,
759 600 801 629 ut
823 594 903 630 haec
922 593 1031 631 sacra
1050 594 1188 631 clericis
1208 594 1386 640 injuncfta
1405 619 1417 638 ‚
1437 594 1645 641 subrogata
1664 591 1854 630 dicantur

534 640 626 678 aliis
640 641 757 680 sacris
772 652 959 682 veterum
978 646 1271 694 capellaniarum,
1289 659 1372 697 quae
1391 645 1430 683 in
1446 645 1611 683 obscuro
1628 645 1679 683 est
1692 655 1740 681 an
1761 656 1856 692 age-

531 700 674 730 rentur
693 720 704 737 ‚
723 696 900 734 nescitur
916 700 1029 742 cujus
1044 699 1204 747 generis
1222 697 1347 737 essent
1361 725 1372 742 ‚
1392 698 1569 737 nescitur
1586 709 1633 734 an
1670 709 1717 734 ea
1734 696 1807 734 fint
1828 721 1842 740 ‚

533 757 618 793 quae
634 744 763 784 adhuc
781 749 964 794 presenti
985 759 1171 797 tempore
1186 763 1206 789 a
1224 750 1405 799 capitulo
1417 758 1664 798 peraguntur
1684 776 1694 786 .
1813 798 1821 804 ·

485 799 637 837 Clericos
656 799 855 847 pr-ecipue
874 800 984 840 fuizse
1002 801 1201 841 institutos
1219 803 1267 841 ad
1284 802 1456 841 eccle-fix
1471 801 1699 849 augendum
1718 798 1845 838 servi-

532 848 636 885 tium
654 878 662 887 .
696 850 791 889 Bina
824 853 930 890 sacra
951 853 1193 893 demandata
1219 865 1262 893 ut
1295 855 1461 894 ecclesia
1478 853 1621 897 majori
1652 850 1844 900 fsequen-

529 909 587 939 t¹s¹
605 903 758 948 DODUli,
775 905 812 942 3<
830 906 973 949 majori
989 907 1103 945 cultu
1120 908 1395 946 celebraretur
1414 935 1423 944 .
1445 905 1590 944 Extare
1610 903 1841 950 ipfiffimum

528 955 758 1000 exemplum
794 955 832 992 in
860 958 1079 1001 beneficiatis
1098 982 1110 1000 ‚
1132 971 1230 1008 quoe
1253 959 1370 996 Sacra
1398 955 1673 1005 congregatio
1691 955 1739 1011 ab
1764 956 1839 993 hoc

529 1016 653 1042 onere
685 1007 835 1045 exemit
855 1037 863 1045 .
895 1008 1165 1047 Communem
1199 1009 1278 1048 effe
1319 1008 1602 1047 conditionem
1631 1018 1841 1046 omnium:

531 1067 607 1092 non
627 1055 762 1096 deberi
778 1059 826 1097 de
848 1059 990 1098 iisdem
1007 1061 1256 1100 diflimiliter
1283 1060 1482 1107 judicari.

476 1107 688 1150 Accedere
706 1110 812 1159 quod
830 1112 951 1160 usque
966 1113 1013 1150 ab
1029 1113 1150 1151 initio
1167 1114 1231 1152 vel
1250 1114 1438 1163 applicatio
1451 1111 1555 1150 fad‘ta
1571 1123 1648 1149 non
1666 1112 1745 1167 est?
1773 1110 1839 1149 vel

531 1160 675 1197 saltem
695 1173 715 1198 a
732 1163 932 1200 :monulus
950 1164 995 1201 ad
1016 1164 1270 1203 liberandum
1295 1179 1315 1203 a
1334 1164 1531 1213 religione
1564 1164 1652 1201 suos
1680 1174 1837 1199 animos

531 1214 818 1251 tantummodo
833 1213 935 1252 fat‘ta
950 1216 1001 1253 est
1017 1216 1082 1253 sub
1099 1219 1297 1254 conditione
1312 1247 1321 1255 .
1357 1217 1407 1254 Ex
1438 1218 1513 1253 hoc
1540 1215 1697 1263 optime
1715 1215 1843 1252 inter-

528 1263 681 1310 pretari
699 1288 711 1306 ‚
744 1264 793 1303 de
822 1267 894 1304 hac
924 1267 1160 1315 applicatione
1178 1267 1364 1307 facienda
1402 1280 1533 1316 neque
1563 1274 1839 1314 praeceptum-2

525 1313 690 1363 aliquod
710 1341 721 1359 ‚
752 1329 881 1367 neque
900 1319 1088 1366 praecepti
1119 1319 1387 1359 traditionem
1420 1319 1602 1370 aliquam
1630 1315 1808 1357 extitisse
1827 1343 1842 1363 ‚

530 1366 725 1415 Amostitz„
742 1370 786 1405 de
803 1370 898 1418 caus.
910 1374 979 1419 piis
996 1371 1099 1413 lib.3.
1115 1383 1188 1421 cap.
1201 1387 1213 1410 1
1224 1402 1233 1411 .
1252 1386 1373 1416 num.5
1386 1387 1414 1410 1.

475 1418 662 1467 Denique
685 1432 770 1458 rem
788 1422 1076 1462 conficerenon
1098 1424 1227 1463 solum
1247 1426 1479 1473 exemplum
1510 1423 1560 1462 de
1589 1422 1810 1468 beneficiatis
1828 1445 1842 1464 ,

522 1471 588 1508 sed
606 1471 722 1512 insius
740 1473 777 1512 S.
798 1473 1139 1523 Congregationis
1155 1477 1477 1516 declarationem
1491 1502 1504 1520 ‚
1523 1475 1628 1526 quod
1644 1477 1719 1512 hoc
1737 1484 1837 1512 onus

520 1523 751 1562 celebrandi
771 1537 848 1562 non
869 1528 916 1565 ad
933 1527 1144 1565 clericorum
1174 1530 1359 1576 personas
1377 1555 1390 1573 ,
1420 1527 1487 1567 sed
1508 1527 1558 1566 ad
1583 1526 1835 1575 collegium-¹

519 1574 726 1622 pertineat
744 1601 756 1619 ‚
776 1578 870 1615 dum
888 1590 990 1616 anno
1013 1585 1121 1622 1630.
1137 1580 1203 1620 die
1227 1594 1285 1623 23.
1302 1582 1526 1620 Novembris
1548 1591 1672 1618 unum
1702 1590 1748 1617 ex
1766 1578 1835 1615 cle-

518 1629 603 1663 ricis
620 1626 835 1681 studiorum
850 1631 963 1668 causa
982 1632 1020 1670 in
1042 1634 1134 1671 urbe
1149 1643 1474 1672 commorantem
1506 1633 1553 1670 ab
1582 1643 1707 1670 onere
1722 1632 1832 1669 cele-

518 1676 657 1715 brandi
675 1690 744 1725 per
762 1680 1017 1721 substitutum
1037 1685 1207 1724 absolvit
1223 1686 1287 1724 lib.
1308 1688 1441 1723 decrex.
1464 1693 1738 1732 102.pag.127.
1811 1733 1817 1739 η

469 1730 687 1778 Episcopus
707 1730 742 1768 in
763 1742 976 1783 utramque
998 1745 1153 1784 partem
1171 1736 1323 1776 differit
1342 1768 1350 1776 .
1385 1737 1447 1775 De
1463 1737 1532 1776 suo
1550 1735 1705 1781 judicio
1734 1733 1837 1773 nihil

523 1790 664 1819 auerte
681 1782 833 1827 profert
855 1815 864 1824 .
886 1787 1073 1826 Videnda
1105 1791 1188 1833 ejus
1206 1791 1333 1826 relatio
1349 1791 1396 1838 est
1414 1818 1424 1829 .
1814 1837 1821 1842 ,

475 1833 662 1875 Videnda
678 1835 802 1872 etiam
822 1838 949 1874 relatio
966 1840 1096 1878 altera
1119 1841 1288 1889 18.‘Jalii
1310 1849 1525 1886 1713.tul]c
1539 1838 1735 1887 temporis
1751 1838 1845 1887 Ep}-

530 1885 637 1929 seopi
657 1884 706 1923 de
726 1888 846 1931 priori
861 1891 973 1927 causa
988 1915 1000 1934 ,
1017 1891 1053 1927 in
1075 1903 1148 1939 qua
1167 1896 1337 1929 nabetur
1358 1905 1365 1928 ε
1383 1905 1461 1928 cam
1474 1895 1604 1928 etenim
1615 1900 1677 1938 pro
1693 1891 1840 1928 clerica-

528 1947 629 1974 tnam
645 1940 813 1976 ereflione
821 1941 1010 1988 sexdecim
1025 1942 1229 1990 capellaniae
1245 1943 1359 1990 maffae
1374 1944 1548 1979 communi
1559 1944 1700 1988 suerint
1711 1946 1836 1986 unitae,

528 1991 582 2026 hae
595 1992 638 2025 de
656 2003 805 2037 quarum
818 1993 1161 2041 primafundationc
1176 1995 1262 2031 licet
1279 1996 1383 2032 hodie
1410 2008 1475 2031 non
1491 1993 1618 2042 constet
1635 2016 1647 2035 ‚
1677 2003 1833 2030 tamen.»

513 2042 663 2091 possbtle
681 2042 728 2090 est
743 2068 755 2086 ‚
786 2047 879 2093 quod
887 2046 1032 2093 aliquod
1048 2059 1129 2084 onus
1144 2045 1326 2093 mtffizrum
1354 2060 1434 2084 cum
1464 2046 1676 2094 obligaaione
1706 2046 1823 2093 appli-

520 2096 669 2131 cationis
685 2106 864 2134 annexum
887 2099 1078 2135 habuerint
1095 2110 1105 2136 :
1120 2100 1214 2135 unde
1227 2100 1355 2146 inferri
1378 2098 1468 2148 poffit
1487 2099 1679 2135 videbatnr
1695 2123 1707 2141 9
1737 2099 1831 2148 quod

521 2158 605 2184 onus
621 2146 825 2185 celebrandi
838 2151 889 2187 bis
909 2153 946 2186 in
964 2152 1182 2188 hebdomada
1190 2150 1309 2197 scierit
1317 2152 1550 2200 subrogatum
1564 2154 1601 2186 in
1615 2150 1728 2187 locum
1745 2164 1826 2188 one-

524 2213 602 2236 rum
618 2225 629 2242 .,
645 2211 720 2247 (μήτ
730 2204 830 2249 prins
843 2204 904 2242 dd.
918 2203 1100 2247 sexdecim
1113 2203 1319 2254 capellaniis
1331 2214 1433 2241 erant
1443 2200 1602 2254 injunEZa
1614 2231 1624 2241 .

472 2252 598 2291 Certe
613 2262 712 2289 onus
728 2253 816 2291 bina
830 2255 935 2292 sacra
950 2256 1093 2302 agendi
1111 2256 1150 2294 in
1161 2255 1299 2293 clericis
1319 2267 1364 2294 ex
1382 2255 1750 2304 apertafandationis
1770 2255 1830 2294 Ie-

519 2316 569 2352 ge
586 2303 795 2342 descendit
813 2333 823 2344 .
842 2305 1009 2345 Certum
1027 2309 1078 2346 est
1097 2307 1249 2347 reditus
1266 2316 1455 2347 veterum
1472 2306 1749 2356 capellaniarum
1764 2307 1828 2345 di-

520 2356 631 2394 retste
647 2354 764 2393 datos
783 2358 905 2406 mensae
934 2359 1104 2406 capituli
1119 2386 1132 2405 ‚
1151 2360 1303 2399 nonnifi
1318 2371 1456 2398 eorum
1473 2367 1628 2407 partem
1653 2360 1827 2398 habere,

518 2408 662 2444 clericos
679 2435 688 2444 .
708 2407 878 2448 Certum
898 2412 948 2448 est
962 2411 1189 2454 capitulum
1207 2412 1376 2460 implere
1394 2412 1528 2461 aliqua
1546 2410 1826 2459 capellaniarum

516 2471 639 2497 onera
652 2482 664 2501 ‚
691 2471 736 2497 ac
754 2463 937 2505 capitulo
954 2462 1106 2501 dic‘tum
1123 2489 1135 2508 ‚
1152 2464 1256 2514 quod
1284 2463 1485 2513 capellaniae
1498 2463 1629 2500 debitis
1645 2477 1712 2501 non
1718 2464 1828 2510 frau-

516 2513 691 2548 darentur
701 2513 869 2563 obsequiis
888 2539 900 2557 ‚
922 2516 993 2563 sed
1009 2529 1157 2564 congrue
1174 2517 1428 2565 supportentur
1453 2529 1558 2552 onera
1588 2513 1661 2552 illis
1686 2519 1822 2554 incura-

511 2565 652 2601 hentia.
684 2562 778 2604 Inde
795 2591 807 2608 ‚
839 2567 940 2605 licet
959 2579 1027 2614 per
1046 2569 1326 2607 continuatam
1348 2566 1576 2607 orationem
1591 2591 1604 2611 ‚
1622 2567 1824 2611 additum,

519 2617 563 2655 (ἵν
591 2614 716 2652 clerici
731 2643 742 2661 ‚
759 2622 820 2666 qui
847 2628 909 2667 pro
926 2629 1082 2668 tempore
1095 2631 1202 2658 erant
1219 2622 1333 2658 cidem
1349 2624 1387 2657 in
1403 2620 1539 2658 divinis
1556 2620 1740 2669 deservire
1754 2644 1767 2663 ‚
1781 2621 1822 2661 ἐφ’

516 2665 588 2705 alia
597 2667 628 2712 f
621 2682 728 2708 acere
743 2695 755 2715 ²
775 2673 817 2715 ’ἴδ’
833 2672 1020 2721 observare
1036 2698 1050 2720 ,
1067 2686 1143 2723 quae
1157 2677 1194 2712 in
1226 2673 1527 2724 constitutionibus
1544 2699 1559 2721 ,
1592 2675 1636 2720 &¹
1652 2668 1818 2731 capitulas

1771 2734 1830 2761 m-
