1986 2996
541 193 593 230 60
989 203 1048 227 υ.
1067 191 1204 228 Martis·
1228 192 1338 236 1766.

545 237 790 284 Pontificum
812 238 1020 279 Benedit‘ti
1043 240 1147 279 X111
1177 268 1189 286 ,
1207 243 1243 282 St
1263 241 1394 285 XIV„
1412 241 1460 281 de
1477 253 1648 291 quorum
1663 241 1857 289 potestate

540 297 580 335 in
597 291 863 333 concedendo
877 293 1080 332 dubitatio
1095 294 1256 334 absurda
1277 320 1289 338 ‚
1309 297 1345 333 3<
1363 294 1615 333 temeritatis
1632 293 1855 339 plenistinia

542 346 639 387 effet
655 375 664 383 .
699 344 791 382 Non
809 354 949 383 autem
970 345 1126 383 irritam
1157 346 1238 386 dici
1256 346 1360 395 posse
1378 371 1389 389 ‚
1420 346 1485 384 vel
1513 357 1557 384 ex
1574 346 1652 396 quo
1671 345 1855 393 sodalium

541 398 754 438 consensus
769 409 846 434 non
863 395 1074 436 accesserit
1094 423 1106 441 ‚
1136 399 1200 438 vel
1223 411 1267 438 ex
1280 412 1358 450 quo
1377 398 1479 438 fat‘ta
1501 396 1624 436 fuerit
1641 398 1754 444 super
1771 395 1855 435 fru-

540 451 668 489 (tibus
686 450 917 498 legatorum
939 449 1130 488 sodalitio
1150 451 1387 490 relit‘torum
1409 481 1419 490 .
1451 449 1680 498 Respondet
1699 449 1855 486 etenim

540 504 579 542 in
599 501 801 540 facultate
818 501 1028 540 pontificia
1054 503 1210 541 nullum
1228 505 1277 543 de
1296 500 1743 554 requirendo-consensu
1763 512 1859 537 ver-

536 557 630 595 bum
645 551 723 593 effe
738 567 753 594 ,-
784 552 876 592 ideo
891 566 962 592 nec
977 555 1025 593 de
1043 567 1091 593 co
1112 556 1288 603 petendo
1313 555 1590 595 neceffitatem
1612 551 1737 592 fuisse.
1761 550 1861 589 Prae-

540 604 805 652 tereasratres
824 609 975 643 minores
992 607 1164 647 dominii
1183 608 1392 657 incapaces
1417 612 1534 647 certe
1562 606 1638 646 effe
1656 630 1667 648 ν
1698 605 1852 642 {fustus

538 669 637 699 vero
670 660 764 697 loco
780 659 1050 706 eleemosynae
1081 671 1152 707 pro
1171 660 1389 709 implendis
1413 660 1600 699 oneribus
1621 670 1724 695 nunc
1742 656 1853 694 acci-

536 724 635 761 pere
653 709 759 760 posse
774 741 783 750 .
814 711 952 750 Multa
969 712 1153 750 cumulat
1185 712 1235 751 de
1251 725 1296 752 ea
1316 726 1358 752 re
1378 740 1389 759 ‚
1420 725 1502 764 qua.²
1535 712 1573 750 in
1596 709 1756 758 scriptis
1787 715 1856 746 na-

536 767 708 804 bentur.

486 817 641 857 Itidem
671 817 733 861 jus
761 825 922 855 certum
966 815 1078 853 illius
1111 817 1287 856 ecclefiae
1320 816 1395 856 effe
1436 846 1446 855 .
1492 815 1534 853 In
1566 825 1611 852 ea
1655 813 1851 852 celebrari

536 869 735 908 debebant
754 869 860 907 sacra
882 867 1094 906 nominato
1123 869 1243 907 altari
1263 870 1491 918 designata.
1530 867 1568 904 ln
1601 879 1678 904 uno
1709 874 1850 903 autem

540 933 586 960 ex
608 921 754 968 legatis
785 919 1004 959 clarissime
1032 921 1305 970 praescriptam
1337 920 1411 960 eli'e
1455 921 1776 959 celebrationem
1801 928 1849 953 a.-

529 972 711 1020 fratribus
730 970 957 1010 faciendam
977 1000 986 1008 .
1016 971 1277 1022 Caeteroquin
1296 973 1320 1010 fi
1338 975 1443 1010 sacra
1458 984 1501 1011 ex
1514 971 1732 1016 fundatione
1749 969 1786 1006 iu
1806 981 1851 1006 ea

537 1024 707 1063 ccclesia
725 1023 951 1072 peragenda
972 1023 1076 1066 suut,
1097 1024 1189 1061 illos
1210 1037 1285 1062 non
1305 1023 1408 1072 poffe
1423 1023 1513 1072 cogi
1534 1048 1546 1066 ‚
1576 1031 1620 1059 ut
1648 1022 1854 1060 alienum„

536 1075 789 1114 sacerdotem
821 1074 1044 1113 admittant
1063 1099 1074 1118 ,
1117 1075 1315 1125 Justitiam
1333 1085 1470 1115 autem
1498 1074 1607 1112 faeta>
1640 1074 1851 1111 reduffiom‘s

533 1138 726 1175 apparere
744 1138 788 1164 ex
808 1140 857 1165 eo
874 1126 983 1174 ipso,
1002 1128 1105 1176 quod
1128 1128 1270 1176 deales
1298 1128 1347 1167 de
1379 1129 1581 1166 reduflione
1610 1125 1756 1164 saltem
1784 1136 1854 1172 pro

534 1179 633 1226 mq'ffa
650 1192 784 1214 aurorae
802 1190 906 1215 nunc
924 1179 1151 1227 supplicant
1172 1209 1180 1217 .
1870 1195 1872 1201 s

485 1231 552 1269 Ad
575 1230 623 1267 [Ι.
643 1229 904 1279 aequissimam
924 1231 1000 1268 elle
1022 1231 1268 1278 petitionem
1298 1244 1415 1280 quam
1432 1230 1531 1268 facit
1551 1254 1563 1273 ‚
1593 1229 1798 1281 ut-saltem
1828 1228 1855 1265 fi
1906 1275 1911 1278 μ

534 1293 637 1319 nova
665 1283 821 1318 redufflo
849 1280 916 1319 fiat
935 1307 947 1326 ‚
975 1282 1109 1327 fratres
1141 1283 1526 1321 adcelebrationem
1549 1282 1814 1326 praelerantur
1844 1308 1853 1317 .

535 1333 686 1382 Legata
705 1345 774 1381 pro
791 1333 955 1371 illorum
980 1335 1146 1372 ecclesia
1178 1332 1315 1373 funse.
1347 1337 1507 1371 Mmiam
1525 1333 1702 1371 Borellam
1719 1332 1767 1370 de
1784 1341 1852 1369 ce-

537 1386 765 1425 lebratione
782 1387 997 1432 afratrihm
1021 1385 1207 1425 facienda
1227 1386 1397 1424 statuiffe
1414 1385 1660 1435 aper-tistime
1682 1415 1689 1423 .

486 1432 633 1487 Neque
649 1434 778 1476 obesse
799 1438 1156 1476 renunciationem
1177 1469 1185 1477 .
1218 1439 1332 1476 Hauc
1349 1436 1516 1486 potuisse
1534 1439 1650 1476 unice
1670 1433 1846 1484 prodesse

533 1491 707 1539 parocho
736 1491 780 1527 S.
799 1489 931 1527 Mariae
956 1492 1016 1528 del
1031 1491 1182 1534 salice,
1212 1503 1279 1539 qui
1310 1504 1434 1529 onera
1462 1492 1543 1535 jam
1572 1488 1804 1537 repudiavit
1837 1516 1846 1525 .

535 1542 698 1588 Insuper
731 1542 1086 1580 renunciationem
1115 1541 1323 1591 respexiffe
1355 1544 1583 1582 manualem
1622 1540 1854 1587 eleemosy-

533 1603 627 1630 nam
644 1618 656 1635 ,
686 1592 859 1641 ideoque
878 1594 1040 1632 extendi
1060 1607 1135 1632 non
1156 1592 1259 1640 posse
1281 1595 1329 1633 ad
1349 1596 1481 1634 casum
1502 1593 1697 1632 faciendae
1732 1601 1852 1629 cum,

533 1655 709 1691 congrua
735 1645 995 1692 eleemosyna
1007 1648 1244 1685 reduflionix.
1277 1648 1517 1696 Exemplum
1534 1645 1761 1695 ipiiss'imum
1782 1647 1853 1681 ha-

532 1695 649 1739 beri,
686 1695 724 1732 in
743 1708 821 1745 quo
851 1697 968 1735 Sacra
995 1698 1275 1748 Congregatio
1307 1702 1366 1737 die
1400 1714 1456 1746 19.
1476 1700 1700 1737 Nouembris
1739 1701 1851 1742 1693.

534 1747 812 1795 praelationem
833 1748 869 1785 in
886 1749 1004 1787 simili
1020 1750 1157 1798 legato
1174 1751 1365 1791 conceflit
1383 1750 1742 1797 Taurinifratribus
1762 1749 1849 1794 ipsis

534 1802 578 1836 de
598 1799 823 1847 observantia
841 1808 1034 1838 conventas·
1054 1804 1247 1840 S.Thomae
1262 1827 1272 1845 ‚
1306 1804 1371 1852 qui
1388 1812 1508 1841 antea
1537 1804 1586 1840 ob
1604 1801 1728 1839 solam
1764 1811 1851 1836 ma-

538 1851 702 1889 nualem
720 1852 1025 1900 eleemosynam
1042 1854 1380 1892 renunciaverant
1403 1883 1411 1891 .

485 1902 673 1943 videnda
692 1904 746 1940 est
764 1904 889 1940 relatio
919 1904 1132 1951 Episcopi,
1161 1905 1227 1954 qui
1259 1906 1309 1943 de
1338 1904 1521 1952 praesenti
1548 1905 1648 1942 statu
1679 1905 1850 1941 horum.»

540 1957 772 2003 legatorum
818 1955 944 1994 refert
975 1984 984 1994 .
1029 1956 1179 1994 Eorum
1225 1957 1457 2005 legatorum
1494 1960 1650 2006 primum
1690 1955 1847 1994 reditus

528 2008 671 2057 scut.4.
697 2020 756 2045 20.
778 2036 786 2045 .
819 2007 1204 2054 Secu71dumscut.16.
1226 2010 1344 2046 habet
1365 2037 1374 2046 .

484 2059 645 2109 Sodalesr
666 2059 796 2096 adhuc
812 2058 858 2097 ad
876 2059 1236 2098 contradicendum
1253 2073 1328 2097 non
1347 2067 1661 2108 comparuerunt
1680 2085 1691 2103 ,
1706 2071 1778 2097 nec
1795 2059 1845 2098 de

537 2111 743 2149 redaflione
761 2136 773 2154 ‚
788 2122 907 2160 quam
925 2112 1259 2159 petebaut‚verba
1277 2111 1463 2151 fecerunt
1480 2111 1649 2159 amplius
1666 2140 1674 2150 .
1696 2111 1852 2148 Notan-

535 2164 630 2201 dum
648 2189 658 2205 ‚
674 2162 780 2212 quod
810 2162 859 2201 de
878 2163 1009 2211 primo
1038 2164 1175 2212 legato
1189 2164 1373 2203 conditio
1389 2167 1434 2204 ab
1451 2164 1532 2213 ipso
1550 2162 1727 2201 donante
1742 2162 1847 2207 adje-

533 2217 597 2254 &a
610 2216 661 2253 est
677 2215 726 2253 de
742 2214 973 2253 minuendis
991 2215 1126 2260 sacris,
1144 2218 1170 2255 fi
1190 2216 1345 2255 reditus
1362 2217 1643 2256 decrescerent
1661 2243 1670 2252 .

481 2263 632 2309 Fratres
649 2270 798 2304 minores
815 2269 858 2304 de
874 2267 1103 2315 observantia
1121 2291 1133 2311 ‚
1163 2269 1231 2317 qui
1251 2268 1498 2317 patrimonio
1514 2266 1709 2305 altiffimae
1726 2278 1847 2305 evan·

529 2319 669 2370 gelicae
698 2319 950 2367 paupertatis
979 2331 1000 2358 a
1031 2318 1140 2358 Divo
1173 2320 1409 2366 Francisco,
1439 2318 1675 2359 admirando
1703 2319 1848 2367 supra)

536 2383 702 2410 omnem
721 2371 1014 2421 antiquitatem
1032 2373 1218 2421 exemplo
1233 2399 1246 2418 ‚
1277 2373 1354 2412 suis
1373 2373 1515 2412 relit‘to
1532 2394 1544 2413 ‚
1577 2371 1741 2409 merito,
1759 2371 1847 2420 glo-

529 2423 686 2462 riantur
716 2447 728 2466 ,
775 2424 901 2462 etiam
939 2424 1076 2473 legata
1103 2435 1300 2471 perpetua
1327 2437 1398 2474 pro
1423 2423 1542 2462 sacris
1570 2422 1734 2472 agendis
1753 2444 1766 2467 ,>
1797 2430 1841 2461 ac

530 2475 631 2524 ipsas
661 2484 878 2523 perpetuas
922 2476 1203 2524 eleemosynas
1222 2475 1426 2520 &constanti
1444 2474 1581 2514 animo
1596 2500 1608 2520 ‚
1625 2487 1674 2514 ne
1691 2475 1763 2512 suae
1781 2486 1842 2513 re-

531 2528 632 2575 gulae
650 2528 852 2566 maculam
869 2528 995 2566 ullam
1010 2528 1281 2568 admitterent
1300 2554 1311 2571 ‚
1331 2528 1528 2567 continuo
1549 2527 1809 2575 repudiarunt
1828 2554 1838 2564 .

482 2577 760 2625 Quamobrem
775 2579 931 2617 Summi
951 2579 1169 2619 Pontifices
1186 2607 1197 2625 ,
1227 2594 1275 2619 ne
1296 2583 1430 2628 legata
1445 2579 1625 2627 perirent
1641 2602 1654 2621 ‚
1686 2590 1732 2617 ac
1762 2590 1840 2616 ne.»

529 2631 709 2676 expiatio
727 2632 886 2679 piorum
904 2631 1191 2671 d-ezunt‘torum
1206 2632 1400 2671 deficeret
1418 2657 1429 2674 ‚
1445 2631 1494 2670 de
1513 2630 1559 2668 iis
1577 2631 1844 2679 providerunt

534 2680 689 2726 semper
703 2696 715 2720 ‚·
745 2693 868 2732 atque
887 2683 1103 2734 aliquando
1118 2683 1312 2723 beneficia
1326 2683 1586 2721 ecclesiastica
1608 2689 1839 2723 erexerunt,

538 2731 720 2778 injuntsto
736 2744 851 2774 certo
869 2747 1038 2776 numero
1057 2736 1260 2776 sacrorum
1285 2747 1355 2784 pro
1371 2735 1554 2774 omnibus
1571 2748 1586 2776 2·
1615 2742 1659 2773 ut
1678 2732 1841 2786 praesc-r-

1773 2792 1848 2821 [iffi
