1986 2996
686 138 747 170 31.
765 124 868 179 Maji
899 129 1011 176 1766.
1434 128 1516 181 ξος

133 180 201 268 F
220 178 452 220 IRMANA
484 176 879 220 SUBSIDIORUM
924 178 1239 222 DOTALIUM
1271 210 1282 222 .
1339 180 1393 221 Ex
1427 183 1515 224 fru—
1578 184 1740 234 Sess.24.
1761 195 1836 239 cap.
1853 201 1886 228 ι.

232 234 358 272 &tibus
377 233 538 271 suorum
558 231 753 272 censuum
782 234 932 283 Angela
951 236 1124 273 Eleonora
1144 237 1308 274 Morrom'
1325 234 1514 276 Firmana
1554 238 1599 277 de
1613 241 1769 288 Reform.

180 286 325 324 dotem
340 285 601 324 monasticam
621 284 794 335 reliquit
813 286 963 334 puellis
992 299 1039 326 ex
1057 288 1119 326 sex
1144 287 1363 326 nominatis
1397 287 1519 327 fami-

186 338 282 376 liis:
310 339 432 376 finon
449 345 635 377 extarent
654 363 666 382 ‚
686 348 733 376 ex
753 337 844 376 aliis
862 338 991 377 tribus
1006 339 1174 379 familiis
1196 353 1205 379 :
1237 341 1435 389 postremo
1453 342 1517 380 lo-

179 403 228 428 co
258 391 406 438 puellis
438 402 483 428 ex
502 398 593 429 tota
612 388 797 429 Firmana
816 391 1042 432 nobilitate
1058 416 1071 436 ‚
1095 392 1192 432 dato
1226 393 1513 444 primogenitis

183 443 246 480 sex
263 443 427 481 illarum
446 441 698 481 familiarum
715 444 806 487 jure
826 443 1035 494 eligendi.

133 492 415 542 Quadriennio
432 495 511 543 post
528 495 607 534 san.
624 505 746 534 mern.
769 493 1012 535 Benedictus
1033 496 1150 537 X111.
1169 497 1334 537 indulsit
1350 521 1363 541 ‚
1382 505 1428 537 ut
1444 509 1516 546 pe-

182 547 311 585 cuniae
328 546 582 585 infructuosae
612 558 656 587 ex
674 548 877 596 perceptis
893 546 1087 588 fruc'tibus
1105 576 1117 595 ,
1135 563 1221 599 quae
1237 551 1529 599 reperirentur*

184 599 373 647 depofitae
394 625 406 644 ‚
423 600 488 638 vel
506 612 582 638 non
602 600 733 638 adhuc
750 600 898 639 exaRae
919 626 932 646 ‚
949 602 974 639 fi
989 603 1102 641 nulla
1118 602 1215 642 esset
1233 602 1369 652 puella
1384 629 1397 649 ‚
1431 616 1515 653 quae

182 651 319 690 edielo
345 664 413 701 per
439 652 617 691 mensem
650 660 770 690 antea
786 652 942 691 monita
961 654 1102 693 dotem
1120 656 1380 693 monasticam
1396 663 1516 704 pete-

186 712 250 742 ret
270 730 282 749 ,
311 705 367 742 ad
386 705 482 752 scut.
504 718 592 747 500.
623 703 809 743 converti
829 702 983 752 possent
1019 706 1057 745 in
1073 707 1215 746 dotem
1248 708 1478 756 puellarum
1495 733 1511 752 ,

188 769 271 807 quae
293 755 330 794 in
350 757 491 794 saeculo
511 760 711 795 nuberent
725 779 738 799 ‚
770 757 930 795 servato
946 758 1088 798 ordine
1104 759 1360 798 vocationis.

127 806 238 845 Anno
262 820 373 854 1755.
402 811 462 847 die
493 814 550 847 18.
570 810 792 856 Septembris
826 809 1033 849 Antonius
1052 814 1208 860 Graffius
1243 824 1343 851 unus
1376 823 1422 851 cx
1443 812 1509 851 sex

180 860 310 909 primo
327 862 487 899 vocatis
513 860 684 900 familiis
704 885 716 904 ‚
747 871 843 897 cum
865 862 1056 901 consensu
1086 864 1264 902 aliorum
1297 864 1478 915 quinque
1495 889 1510 908 ‚

178 911 293 951 ceffit
313 912 532 952 Dominico
550 913 817 950 Raccamadori
832 935 845 955 ‚
873 913 941 963 qui
960 926 1055 952 cum
1075 915 1282 954 Francisca
1297 916 1511 964 Graffifilia

182 963 345 1012 nuptias
361 965 630 1003 contrahebat
644 985 656 1007 ,
672 972 768 1000 tutte
787 985 800 1005 ‚
831 965 990 1012 estngole
1006 970 1144 1014 ragiom‘
1162 989 1174 1009 ‚
1194 969 1256 1004 che
1272 969 1321 1002 ad
1337 967 1404 1014 effo
1417 980 1511 1003 com-

177 1025 330 1066 petant),
355 1025 421 1065 per
436 1016 474 1053 la
502 1016 758 1064 confi’cuzjone
787 1016 827 1051 di
846 1017 960 1064 scudi
978 1028 1068 1060 500.
1097 1017 1339 1056 dall’eredita
1367 1021 1407 1055 di
1424 1021 1512 1056 Leo-

179 1081 264 1105 πονιτ
278 1069 443 1106 Morrom·
466 1073 504 1106 in
517 1068 619 1106 titolo
649 1069 690 1103 di
701 1067 848 1115 suffidio
862 1070 983 1106 dotale
1006 1079 1072 1119 per
1099 1071 1131 1108 Ie
1148 1071 1291 1118 femine
1319 1072 1438 1119 disua
1448 1071 1512 1117 fa-

179 1121 306 1169 miglia
321 1145 334 1165 ,
365 1135 426 1159 con
439 1123 552 1170 questo
561 1123 648 1169 per&
661 1144 674 1164 ‚
706 1121 768 1156 che
786 1120 860 1168 egli
884 1124 1032 1160 intende
1047 1124 1172 1161 cedere
1186 1124 1378 1171 lesudette
1390 1127 1512 1171 ragio-

178 1176 217 1211 πὶ
227 1172 298 1210 tali
315 1199 327 1218 ,
355 1174 454 1223 quali
474 1174 561 1220 sono
578 1198 591 1217 ,
623 1173 703 1209 ead
715 1172 783 1220 qffo
811 1181 1070 1222 appartengono
1091 1199 1103 1217 ‚
1124 1176 1338 1223 senzaperb
1365 1177 1503 1223 obbligo

178 1225 305 1262 alcano
321 1226 533 1270 d'evizjone
561 1234 660 1261 tanto
679 1223 882 1272 generale,
912 1227 975 1263 che
995 1228 1215 1274 particolare
1232 1252 1246 1272 ,
1270 1228 1400 1276 perche
1430 1232 1504 1265 cosi

178 1287 242 1326 per
253 1286 352 1325 patto
372 1281 448 1321 &a

121 1327 205 1370 'Die
228 1342 286 1372 ις.
303 1327 405 1382 szi
423 1332 607 1379 sequentis
635 1331 721 1365 anni
750 1332 862 1374 1756'.
882 1329 1016 1368 edie'to
1048 1331 1213 1370 monitae
1232 1331 1324 1370 sunt
1356 1331 1502 1377 puelle

180 1382 229 1420 ad
244 1382 463 1430 petendam
480 1380 740 1420 monasticam
758 1379 900 1419 dotem
917 1408 928 1427 ,
960 1383 1009 1421 ad
1026 1392 1147 1432 quam
1174 1396 1253 1423 non
1279 1383 1514 1433 comparuit

181 1434 252 1472 nisi
280 1435 412 1472 Thecla
431 1434 540 1482 Ruffb
569 1435 628 1470 die
647 1433 885 1476 5.Fchruarii
900 1439 985 1471 anni
1005 1448 1118 1482 1757.

128 1485 412 1526 Controversia
429 1487 521 1525 hinc
534 1495 625 1525 orta
644 1485 696 1523 est
713 1484 820 1523 inter
838 1487 1022 1531 Theclam,
1044 1489 1081 1526 &
1102 1488 1331 1536 Franciscam
1349 1512 1360 1531 ,
1379 1494 1504 1537 atque

179 1539 309 1577 etiam
325 1539 622 1589 primogenitos
642 1535 898 1576 familiarum
915 1562 927 1582 ‚
948 1540 1016 1588 qui
1032 1540 1282 1584 objiciebant
1300 1550 1378 1577 non
1397 1547 1512 1577 exta-

179 1604 222 1630 re
241 1591 431 1638 pecunias
446 1618 457 1629 .
489 1590 631 1639 Itaque
647 1589 707 1624 die
726 1589 989 1627 28.Fehruarii
1009 1596 1120 1637 1761.
1142 1590 1393 1639 disputatum
1413 1591 1465 1628 est
1477 1590 1508 1630 I.

178 1657 224 1681 an
227 1644 277 1692 fit
287 1644 380 1680 locus
387 1644 518 1689 favore
534 1640 673 1680 Theclae
686 1639 791 1688 Ruffia
809 1641 1179 1694 affbcutiom'fiebstdii
1196 1644 1331 1680 dotalis
1346 1653 1406 1689 pro
1424 1658 1440 1679 e
1440 1641 1503 1691 jas

183 1697 450 1733 monachatione
470 1693 586 1747 juxta
621 1705 773 1731 mentem
795 1697 871 1743 piaer
897 1706 1066 1733 matrona.⁵
1092 1697 1272 1735 Eleonorae
1301 1699 1467 1732 Morrom·
1494 1708 1509 1734 ,-

178 1748 228 1788 II.
257 1761 305 1784 an
330 1773 342 1792 ‚
374 1751 417 1792 &³
445 1761 466 1784 a
495 1761 560 1797 quo
583 1755 735 1795 tempore
759 1748 809 1796 fit
826 1746 922 1785 locus
953 1747 1164 1795 affecutwm'
1204 1746 1364 1801 ejusdem
1396 1748 1512 1796 susst-

179 1802 236 1837 dii
249 1801 378 1836 dotalis
403 1799 518 1854 juxta
534 1801 807 1848 chirographum
828 1800 962 1847 fanfi'ae
987 1805 1162 1838 memoriae
1194 1801 1381 1839 Benedifli
1405 1801 1508 1838 XIII.

173 1861 236 1902 pro
252 1851 411 1904 conjugio
441 1853 627 1899 temporali
654 1855 745 1888 inito
774 1865 795 1890 a
827 1850 1024 1900 Francisca
1059 1855 1178 1902 Graffi
1203 1856 1468 1892 Raccamaslori
1498 1881 1508 1891 .

180 1905 336 1944 Verum
355 1906 475 1944 Sacra
497 1904 774 1953 congregatio
795 1904 846 1944 de
876 1915 918 1944 re
950 1906 1080 1946 adhuc
1123 1919 1201 1945 non
1225 1906 1385 1957 liquere
1414 1918 1511 1944 cen-

177 1958 258 1996 suit
276 1983 290 2001 ‚
321 1957 598 2007 rescripfitque
623 1955 770 2004 dilata,
801 1960 844 2001 (ἔγ
871 1960 1174 2009 Archiepssopus
1203 1961 1350 1996 mandet
1380 1959 1511 2005 confici*

212 2020 313 2047 atum
326 2038 337 2047 .

132 2011 339 2110 Sceiptum
355 2062 408 2099 est
421 2061 473 2100 de
487 2062 588 2099 statu
604 2061 800 2099 firmando
816 2089 825 2097 .
860 2061 938 2098 Sed
955 2074 1031 2098 non
1051 2062 1234 2099 distinete
1257 2086 1266 2104 ,
1295 2071 1428 2109 neque
1441 2059 1505 2097 di·-

180 2114 320 2153 lucide
336 2122 535 2152 venerunt
553 2112 690 2150 omnia
710 2136 723 2155 ,
743 2121 787 2150 ut
807 2121 895 2150 erat
912 2124 1012 2160 opus
1028 2138 1040 2156 ‚
1071 2113 1120 2150 ad
1135 2112 1391 2161 quaestionem
1410 2123 1511 2149 eno-

182 2166 355 2205 dandam
375 2191 387 2209 ,
402 2177 447 2203 ac
465 2163 681 2202 finiendam
696 2192 706 2201 .
735 2163 843 2202 Hinc
873 2165 934 2200 die
956 2164 1188 2213 18.Augusti
1222 2169 1334 2212 1764.
1367 2163 1509 2202 neces·-

180 2218 325 2257 sarium
345 2216 422 2258 effe
436 2216 644 2255 creditum
660 2217 712 2254 est
725 2239 741 2259 5
756 2224 800 2254 ut
814 2215 1063 2255 scriberetur
1082 2218 1234 2255 iterum
1253 2241 1266 2259 ,
1285 2229 1331 2254 ac
1348 2215 1398 2255 de
1412 2227 1506 2262 pur-

181 2272 311 2319 gando
339 2272 438 2309 statu
455 2270 517 2308 lex
533 2267 702 2306 daretur
714 2268 896 2316 apertior
918 2293 931 2313 ‚
967 2269 1004 2307 ὃς
1038 2269 1186 2307 clarior
1204 2293 1216 2311 ‚
1250 2269 1506 2316 responsum-

186 2335 261 2371 que
289 2324 342 2362 est
360 2335 371 2362 z
400 2322 518 2359 dilata
534 2346 548 2366 ,
576 2323 618 2364 ὠ·
621 2320 795 2366 firmetur
800 2321 918 2370 status
929 2321 1044 2375 juxta
1057 2322 1321 2371 instruffionem
1335 2345 1348 2365 ‚
1367 2321 1428 2359 uti
1443 2319 1505 2359 fa-

185 2374 291 2414 &um
314 2377 366 2414 est
387 2404 397 2414 .

131 2424 243 2464 Ante
259 2427 395 2465 omnia
409 2425 583 2466 videnda
607 2429 697 2464 sunt
708 2426 803 2471 folia
818 2427 893 2463 diei
910 2429 971 2463 28.
993 2423 1192 2463 Februarii
1212 2430 1322 2471 1761.
1338 2451 1349 2471 ,
1380 2427 1424 2469 ἐφ’
1444 2427 1501 2462 18.

182 2478 348 2527 Augusti
371 2483 502 2526 1764„
524 2479 562 2516 in
581 2478 724 2528 quibus
742 2476 826 2517 fuse
845 2476 897 2517 de
910 2476 1010 2516 fasti
1026 2477 1175 2527 specie,
1192 2489 1237 2516 ac
1256 2478 1307 2517 de
1325 2476 1504 2528 partium

184 2529 405 2570 rationibus
421 2532 515 2569 hinc
538 2531 631 2569 inde
647 2531 818 2568 habetur
830 2559 841 2569 .

134 2577 391 2619 Postmodum
407 2593 503 2622 ante
521 2584 662 2621 oculos
684 2582 890 2621 habendus
909 2583 961 2620 est
978 2584 1099 2621 status
1114 2607 1127 2627 ,
1142 2592 1264 2633 quem
1284 2587 1413 2622 novus
1426 2581 1502 2619 Ar-

189 2633 465 2683 chiepiscopus
516 2635 668 2674 dudum
712 2635 818 2674 mifit
846 2663 856 2673 .
902 2634 1043 2674 Refert
1088 2636 1264 2683 primum
1302 2634 1352 2674 de
1384 2632 1507 2684 patri-

188 2685 326 2724 monio
345 2686 532 2727 universo
547 2700 568 2727 a
586 2688 794 2728 testatrice
812 2687 957 2728 relie'to
975 2688 1014 2728 in
1032 2689 1129 2728 sum.
1156 2688 1254 2737 scut.
1273 2699 1393 2737 9547.
1407 2700 1505 2776 9505

1453 2749 1474 2776 e
