2035 2969
549 178 621 206 :iz-2

474 223 501 233 “
542 216 631 258 Post
646 215 826 256 multum
843 225 940 254 vero
953 213 1170 263 temporis,
1186 214 1394 265 &expleta
1408 216 1490 262 jam
1507 227 1638 266 poena,
1654 220 1851 269 remigrae-

546 269 607 308 vit
626 267 847 315 Neapolim
865 280 953 304 amm
975 281 1086 316 ¹740·

493 320 609 359 Anno
631 331 742 364 1751,
788 320 949 369 utrique
966 318 1289 367 Archiepiscopo
1323 333 1394 368 pro
1418 322 1485 361 sua
1512 322 1734 362 ordinatione
1762 335 1855 370 pre-

544 383 611 411 ces
627 369 780 409 obtulit
797 395 810 414 ,
829 383 923 424 quas
945 394 957 413 ‚
976 371 1249 412 recusantibus
1266 371 1415 413 eisdem
1435 399 1447 417 ,
1464 372 1513 411 ad
1531 375 1632 411 hanc
1660 373 1885 413 Sac.Con-2

542 422 825 473 gregationem
856 422 1040 464 detulit:
1069 423 1136 463 sed
1168 432 1342 475 utroque
1368 425 1532 469 audito,
1560 426 1716 469 rejeuae
1734 428 1820 466 suut
1841 456 1851 465 .

540 478 654 513 Anno
676 479 787 520 1760.
820 486 969 514 novam
988 475 1096 516 viam
1114 475 1233 518 iniit:
1267 476 1497 525 impetratis
1528 477 1685 516 etenim
1712 478 1848 517 literis
1885 492 1887 495 ·

541 524 834 574 testimomalirms
855 526 1153 574 Neapolitani,
1183 529 1230 567 ab
1260 530 1403 569 eadem
1422 529 1508 567 Sac.
1525 529 1852 578 Congregatione

541 579 831 626 Episcoporum
849 603 862 622 ‚
880 580 915 619 8<
934 578 1199 628 Regularium
1217 581 1394 622 obtinuit
1412 581 1678 628 rescriptum:
1705 583 1854 619 arbitrio

537 631 777 678 Archiepisco
803 631 1118 683 iAmalphitani‚
1149 643 1284 672 attento
1308 634 1471 685 consmfu
1488 635 1569 671 Eski
1581 634 1853 681 Archa-'episcopi

537 683 719 732 Neapolis
733 712 742 721 .
816 695 889 722 unc
912 684 1079 725 tandem
1094 685 1141 722 ab
1159 685 1453 734 Amalphitano
1469 686 1518 724 ad
1538 694 1709 735 quatuor
1723 686 1851 725 mino-

541 746 602 776 res
618 734 667 776 ad
683 735 858 777 titulum
876 736 1115 784 patrimonii
1132 747 1342 783 promotus
1360 740 1412 777 est
1431 767 1440 779 ,

490 784 705 827 Βεευίῖῑνίῑ
737 787 988 836 postmodum
1018 790 1146 828 sacros
1164 788 1351 828 conferre
1369 789 1709 837 Amalpbitanus.
1739 788 1847 828 Hinc

539 852 627 876 anno
649 843 760 884 1763.
781 839 906 879 rediit
925 841 1070 882 Carolus
1087 841 1134 879 ad
1151 845 1252 883 hanc
1273 843 1432 881 Sacram
1444 841 1820 889 Congregationem
1840 871 1847 879 .

538 891 618 933 Die
638 892 774 929 munii
788 891 968 935 ejusdem
982 893 1075 931 anni
1094 893 1368 942 interrogatus
1390 892 1853 943 uterqueArchiepisco-

538 954 609 990 pus
629 944 679 980 est
694 972 703 985 .,
735 942 958 991 Respondit
981 945 1326 985 Eminentiffimus
1344 945 1667 993 Neapolitanus:
1691 948 1854 994 quamvis
1918 973 1921 975 -

539 994 689 1031 Carolus
706 996 803 1035 Pace
817 997 967 1045 dioecefis
982 997 1260 1046 Amalphitanae
1275 1002 1313 1036 in
1323 1012 1411 1037 anno
1438 1009 1552 1043 1725.
1569 999 1613 1036 ab
1629 999 1695 1034 hac
1713 1000 1853 1035 curia-2

537 1048 788 1084 condemnatus
800 1046 979 1092 suerit'ad
988 1058 1123 1098 poenam
1135 1050 1239 1086 exilii
1254 1049 1664 1098 &c.,tamen‚postquam
1679 1052 1722 1089 ab
1736 1050 1856 1089 eodem

534 1098 823 1148 Archiepiscopo
841 1101 884 1135 ab
900 1100 1008 1139 exilio
1024 1101 1161 1139 Orator
1176 1103 1336 1150 ipJ-‘bf'aeit
1353 1112 1540 1139 revocatus
1556 1102 1662 1149 itase
1670 1103 1768 1149 gestit
1786 1125 1798 1144 ‚
1814 1110 1855 1137 ut
1882 1110 1889 1146 ζ

537 1163 558 1186 a
570 1150 720 1198 praefata
732 1164 808 1189 mea
821 1154 921 1191 curia
943 1153 1065 1195 literas
1095 1154 1343 1202 testimoniales
1376 1156 1420 1191 de
1435 1156 1515 1191 vita
1531 1179 1543 1198 ‚
1579 1156 1620 1196 ἐφ’
1638 1155 1788 1191 moribus
1805 1152 1854 1189 ad

532 1202 689 1248 jbrmam
700 1203 951 1251 constitutionis
964 1206 1225 1247 Innocentianae
1239 1207 1522 1255 Speculatores
1536 1209 1667 1242 meruit
1684 1207 1853 1242 obtinere.

485 1250 804 1301 Amalphitanus
824 1267 921 1294 vero
939 1257 1252 1297 constantiffime
1278 1258 1425 1297 deuon
1448 1256 1725 1306 promovendo
1743 1257 1855 1298 suam

536 1305 782 1344 sententiam
815 1305 1011 1353 patefecit
1033 1339 1042 1347 .
1082 1309 1144 1347 De
1176 1311 1251 1346 hoc
1285 1310 1548 1359 conqueritur
1574 1309 1746 1347 Carolus
1765 1334 1777 1353 ‚
1808 1319 1856 1347 ac

534 1364 667 1394 certat
686 1357 723 1394 se
740 1357 929 1404 legitime
943 1360 1264 1404 promovendum
1294 1358 1372 1397 effe
1386 1385 1398 1403 ,
1429 1362 1466 1398 ὃ(
1486 1360 1649 1408 quidem
1681 1362 1728 1398 ab
1748 1360 1857 1398 Emi-

533 1406 765 1446 nentiifimo
783 1407 1062 1456 Neapolitano
1075 1435 1087 1452 ,
1107 1411 1344 1460 praeviisquc
1363 1412 1448 1456 ejus
1468 1411 1761 1457 dimiffirialihus
1776 1434 1788 1452 ‚
1806 1412 1854 1448 ab

533 1459 732 1507 Episcopo
749 1458 933 1503 Literen,
951 1486 963 1506 ‚
993 1461 1062 1500 seu
1080 1462 1254 1508 Scale1]„,
1272 1465 1308 1502 ἃ
1330 1463 1542 1505 Ravellen.
1563 1462 1849 1515 Amalphitani

530 1511 790 1558 suffraganeis
809 1541 818 1553 „
1882 1547 1887 1554 .

483 1560 604 1600 Nihil
622 1564 744 1600 causae
762 1561 838 1600 effe
854 1588 866 1606 ,
883 1563 940 1601 ait
957 1589 969 1608 ,
998 1578 1068 1603 cur
1084 1566 1316 1606 retardetur
1331 1565 1398 1607 fibi
1416 1565 1615 1613 susceptio
1630 1566 1817 1607 ordinum
1839 1594 1850 1607 .

530 1613 707 1653 Primam
738 1615 942 1653 maculam
968 1615 1198 1660 juventutis
1238 1619 1318 1662 jam
1350 1615 1616 1668 quadraginta
1654 1629 1852 1659 annorum

530 1666 726 1707 constanti
754 1665 848 1703 vitae
877 1668 1165 1709 emendatione
1189 1668 1390 1708 detersam
1409 1694 1421 1713 ‚
1451 1680 1494 1707 ac
1528 1666 1711 1707 deletam
1745 1667 1819 1709 esse
1839 1697 1850 1709 .

527 1713 751 1766 Agnoviffe
765 1720 840 1756 hoc
859 1719 1013 1757 curiam
1031 1720 1351 1769 Neapolitanam
1367 1746 1379 1763 ‚
1398 1732 1482 1770 quae
1501 1734 1588 1757 amm
1608 1726 1718 1769 1760.
1752 1720 1854 1768 testi-

529 1769 701 1809 moniales
734 1769 852 1808 dedit
885 1781 896 1808 :
930 1772 1133 1821 agnovisse
1163 1775 1267 1812 hunc
1298 1773 1425 1819 ipsum
1455 1772 1850 1820 A1·chiepu'copun1.‚

525 1821 871 1868 Amalphitanum
889 1848 901 1867 ,
919 1824 1084 1872 quisine
1102 1824 1186 1863 ulla
1205 1836 1316 1862 mora
1333 1824 1474 1863 volens
1495 1850 1506 1867 ‚
1526 1825 1732 1874 libensque
1752 1832 1852 1874 qua-

525 1881 620 1911 tuor
651 1873 829 1915 minores
856 1874 1018 1916 ordines
1051 1876 1231 1915 contulit
1248 1906 1257 1919 ‚
1303 1875 1497 1921 Iniuriam
1528 1877 1603 1916 esse
1632 1878 1848 1916 obductam

528 1926 613 1971 jam
631 1933 750 1963 tanto
767 1938 788 1964 a
808 1934 993 1974 tempore
1022 1937 1208 1971 veterem
1228 1928 1467 1969 cicatricem
1485 1929 1701 1968 vulnerum
1733 1926 1851 1967 refri-

533 1990 628 2016 care
644 2007 654 2022 ,
682 1977 834 2017 Auum
853 1977 932 2017 effe
948 1980 998 2018 de
1016 1979 1237 2023 innumeris
1253 2006 1265 2025 ‚
1280 1981 1305 2022 fi
1323 1980 1457 2028 prima»
1473 1979 1584 2020 ssuxae
1605 2006 1617 2023 ‚
1646 1982 1683 2021 ὃ(
1702 1979 1848 2018 debilis

525 2029 657 2067 aetatis
675 2030 875 2068 memoria
907 2041 1144 2078 repetatur.
1179 2033 1277 2071 Suos
1306 2032 1519 2081 castigatos
1537 2057 1549 2076 ‚
1577 2044 1623 2070 ac
1651 2032 1846 2072 diuturno

527 2082 715 2129 exemplo
731 2083 918 2129 probatos
935 2094 1066 2123 mores
1088 2084 1221 2126 haberi
1238 2096 1282 2124 ex
1298 2083 1570 2125 affirmatione
1587 2083 1645 2123 sui
1661 2082 1846 2132 parochi,
1884 2124 1887 2125 ⁷

526 2133 690 2172 suorum
707 2134 960 2181 municipum
978 2161 990 2179 ,
1021 2137 1058 2181 ὃς
1076 2137 1278 2185 praecipue
1297 2136 1448 2185 publici
1469 2136 1717 2185 magistratus
1731 2148 1744 2174 ‚·
1774 2137 1811 2174 ἃ
1828 2158 1842 2177 2

526 2185 634 2234 quod
653 2198 818 2227 omnem
832 2187 1111 2234 probationem
1127 2189 1257 2232 vincit
1273 2212 1285 2230 ,
1302 2200 1378 2234 uon
1397 2189 1525 2229 solum
1542 2187 1655 2228 firma
1670 2212 1683 2231 ‚
1713 2197 1843 2226 certa-

526 2248 605 2286 que
643 2239 889 2278 aucstoritate
930 2239 1243 2283 Eminentiffimi
1269 2239 1539 2288 Neapolitani
1574 2266 1586 2285 ,
1626 2239 1690 2282 sed
1733 2239 1847 2287 ipfius
1880 2284 1884 2288 ⁸

523 2288 811 2338 Amalphitani
828 2292 1162 2337 comprobatione
1179 2318 1190 2337 ,
1219 2294 1256 2332 Ξῖ
1271 2291 1377 2331 fauo
1393 2291 1644 2339 apertiffimo
1665 2321 1676 2333 ,
1707 2290 1843 2338 Turpe
1907 2303 1910 2306 ’

525 2341 622 2384 huic
636 2341 712 2387 effe
728 2343 948 2390 deceptum
968 2344 1004 2382 se
1022 2344 1176 2388 dicere,
1195 2345 1263 2393 qui
1280 2344 1361 2388 jam
1381 2355 1401 2385 a
1421 2344 1583 2385 biennio
1596 2353 1689 2385 ante
1711 2343 1847 2384 eccle·-

526 2392 622 2432 siam
640 2393 942 2436 administrabat
956 2408 970 2435 3
987 2396 1053 2445 qui
1068 2395 1106 2433 in
1126 2397 1218 2436 loco
1235 2421 1247 2440 ‚
1277 2395 1384 2437 iutra
1411 2408 1489 2436 non
1505 2396 1681 2436 multum
1699 2396 1736 2435 se
1754 2407 1847 2444 pro-

529 2445 743 2489 tendentis
759 2446 942 2487 dioecesis
956 2447 1054 2486 fines
1071 2472 1084 2491 ‚
1102 2448 1298 2496 deceptus
1316 2446 1485 2491 essenon
1502 2447 1636 2496 potuit
1653 2476 1663 2489 η

478 2491 587 2535 Hinc
607 2509 818 2546 perperam
833 2500 982 2548 opponi
998 2512 1103 2542 nunc
1136 2500 1175 2539 se
1193 2499 1269 2539 effe
1285 2497 1494 2548 grandaeva
1511 2508 1635 2538 aetate
1654 2525 1666 2543 ,
1696 2499 1733 2537 se
1765 2510 1843 2538 n011

529 2545 607 2585 esse
625 2550 772 2594 utilem
790 2575 804 2594 ‚
817 2564 890 2590 nec
907 2551 1171 2597 neceffarium
1189 2581 1198 2591 .
1230 2552 1283 2595 Ex
1302 2551 1381 2599 ipsa
1398 2549 1632 2593 admistione
1648 2551 1695 2590 ad
1711 2552 1843 2588 mino-

532 2608 596 2634 res
609 2601 770 2640 ordines
791 2604 973 2642 triennio
991 2614 1086 2644 ante
1101 2603 1207 2642 faeta
1220 2602 1389 2646 refutari
1403 2605 1486 2643 haec
1502 2603 1639 2644 omnia
1655 2632 1664 2644 ,
1680 2603 1842 2643 Habere

530 2647 571 2689 se
586 2652 903 2696 patrimonium:
921 2657 1069 2696 habere
1084 2655 1355 2705 capellaniam
1374 2655 1546 2694 :habere
1566 2655 1859 2699 testimonium,

528 2702 683 2753 proprii
701 2708 880 2753 parochi,
893 2709 964 2759 qui
978 2711 1079 2750 hanc
1095 2707 1377 2751 neceffitatem
1389 2704 1562 2750 affirmat
1580 2737 1588 2746 .
1603 2704 1844 2749 Calumnia-

1779 2756 1846 2795 to'-
