1981 2964
581 173 639 209 14.
655 161 867 200 Decembris
900 161 1013 207 1765.
1377 177 1453 211 199

140 209 394 259 consuetudine
416 215 525 250 etiam
552 213 824 255 immemorabili
836 227 850 253 ‚·
893 215 1048 262 exceptis
1080 221 1199 251 tamen
1213 214 1448 261 viilualibm,

140 277 217 313 quae
225 264 295 310 fibi
311 286 322 305 ,
339 264 464 312 acsuis
484 265 552 312 fru
577 266 683 307 aliter
699 290 711 308 ‚
730 267 977 314 moderateque
996 275 1059 314 pro
1083 269 1247 314 temporis
1278 277 1448 308 tantum-2

139 317 336 363 ueceffitate
351 341 363 359 ‚
395 320 437 359 ὠ·
448 330 512 354 non
523 331 546 354 u
562 329 619 355 tra
635 328 739 356 erunt
751 317 981 366 ministranda
998 347 1007 356 .
1036 319 1104 356 Sit
1118 321 1291 357 tamenin
1307 321 1447 368 optione

141 379 260 404 eornm
274 393 284 411 ‚
321 371 382 416 qai
399 370 615 417 visitantur,
623 371 657 419 fi
671 369 800 408 malint
807 369 950 418 solvere
960 371 1005 407 id
1019 395 1031 414 ‚
1061 371 1154 420 quod
1181 381 1261 409 erat
1288 372 1332 409 ab
1360 372 1448 421 ipsis,

137 429 220 455 ante
234 420 331 466 solvi
349 432 445 457 certa
458 426 608 469 pecunia
622 432 750 459 taxata
767 422 969 468 consuetum
984 445 997 466 ‚
1031 435 1076 458 an
1096 435 1187 461 ,vero
1200 424 1370 472 proediffa
1387 427 1449 462 vi·-

137 471 271 508 flualia
286 471 558 522 subministrare
569 488 582 513 ,·
599 474 707 522 salvo
733 477 820 510 item
824 472 912 526 jure
927 478 1198 517 conventionum
1214 479 1444 525 antiquarum

134 536 216 563 cum
228 525 444 572 monasteriis
459 551 470 569 ‚
487 525 635 575 aliisque
643 529 713 575 piis
728 525 812 561 locis
828 549 840 567 ‚
874 535 938 561 aut
952 526 1102 574 ecclesiis
1133 541 1200 564 non
1222 528 1443 576 parochiali·

133 575 197 616 bus
211 578 300 618 inito
319 601 329 619 ,
362 578 452 625 quod
466 578 614 624 itlaefitm
624 586 830 625 permaneat
845 587 854 612 :
871 579 910 612 in
925 580 970 613 iis
987 590 1070 614 vero
1086 579 1172 615 locis
1188 602 1201 621 ‚
1212 579 1280 626 seu
1291 583 1441 627 provin-

135 628 202 663 ciis
221 653 231 672 ‚
248 629 309 664 ubi
328 628 537 675 conficetudo
554 629 601 677 est
617 653 628 672 ,
642 639 682 664 ut
697 641 761 664 nec
773 627 948 671 viffualia
962 651 974 670 ‚
992 640 1056 666 nec
1068 634 1220 678 pecunia
1235 653 1249 674 ,
1263 644 1326 668 nec
1336 633 1441 681 quid-

133 691 241 726 quam
257 680 360 717 aliud
373 680 613 726 visttatorihus
629 683 828 727 accipiatur
843 703 855 723 ,
878 678 950 726 sed
975 684 1090 718 omnia
1116 686 1234 730 gratis
1244 683 1343 728 fiant
1354 707 1366 727 ‚
1390 685 1441 721 ibi

144 731 185 766 id
199 732 403 780 observetur
418 759 428 768 .

84 778 208 829 Qod
235 791 369 821 autem
401 794 471 829 pro
488 783 687 830 vifitan'one
716 782 835 820 datur
854 805 866 826 ‚
894 792 1112 831 propterea
1129 784 1234 835 quod
1258 798 1451 835 procura-2

138 834 264 878 tionis
280 859 292 878 ‚
322 835 388 872 seu
405 833 760 872 administrationis
779 858 791 876 ‚
809 846 927 884 quam
948 836 1161 884 Episcopus
1178 837 1262 886 agit
1280 863 1293 882 ,
1311 839 1448 886 portio

140 887 216 930 est,
250 886 523 924 communiter
536 889 736 934 procuratio
752 886 903 925 dicitur
917 913 929 932 ‚
957 889 1069 931 cujus
1087 889 1250 928 nomine
1278 890 1451 928 veniunt

137 937 274 976 omnia
289 963 302 982 ‚
316 937 412 976 dum
427 938 493 986 qui
507 937 639 976 vifitat
653 937 691 974 in
708 938 800 975 loco
818 939 885 983 est,
902 951 987 988 quae
1004 940 1071 977 sub
1088 941 1202 977 vifias
1219 942 1341 980 verbo
1358 954 1453 980 con-

139 989 342 1034 tinentur,
358 1001 599 1038 nempe,quae
617 989 692 1036 esui
709 1015 721 1034 ,
743 994 858 1037 potui,
873 1004 1015 1039 quaeque
1032 993 1079 1027 ad
1094 993 1291 1028 vivendum
1320 995 1453 1031 homini

130 1041 222 1090 sunt
235 1041 492 1090 neceffaria‚ut
509 1042 678 1091 ‘Ulpianus
693 1041 795 1080 dixit
808 1040 835 1079 l.
853 1055 917 1090 43.
937 1045 978 1085 ἐς·
994 1055 1058 1090 44.
1077 1043 1120 1080 de
1137 1045 1235 1082 verb.
1245 1044 1400 1092 fignific.

85 1090 181 1138 Non
201 1094 370 1139 veniunt
388 1102 525 1132 tamen
540 1117 552 1136 ‚
568 1106 653 1143 quae
676 1102 788 1132 extra
799 1093 955 1132 viftum
974 1094 1063 1132 sunt
1081 1120 1092 1139 ,
1124 1095 1256 1140 veluti
1276 1098 1448 1135 vesturae

137 1145 188 1184 ad
204 1145 450 1185 veniendum
467 1170 479 1189 ,
499 1146 536 1185 Sc
553 1145 601 1183 ad
618 1145 919 1193 remigrandum
936 1172 949 1191 ‚
979 1158 1024 1184 ex
1043 1146 1222 1186 decretis
1241 1147 1328 1187 Sac.
1345 1147 1455 1187 Con-

140 1198 394 1247 gregationis
415 1197 718 1246 episcoporum,
735 1199 771 1237 &
789 1197 1051 1246 Regularium
1066 1201 1104 1235 in
1119 1200 1370 1239 Ventimilien.
1391 1214 1453 1239 21.

136 1251 298 1299 Augusti
321 1253 431 1293 1606.
452 1274 464 1293 ,
481 1254 518 1286 in
535 1247 702 1301 Cajacen.
724 1263 786 1288 20.
805 1249 941 1286 Martii
963 1263 1005 1296 17
1018 1263 1073 1292 13.
1092 1275 1104 1294 ‚
1135 1253 1177 1294 ἐπ’
1192 1253 1232 1290 S.
1250 1253 1452 1300 Congrega-

141 1305 192 1339 tio
205 1306 244 1339 in
257 1304 423 1340 Larinen.
461 1315 517 1340 12.
535 1302 682 1350 Aprilis
702 1306 813 1348 1698.
833 1325 846 1344 ‚
873 1304 915 1345 ἐν
944 1305 982 1340 in
993 1303 1264 1351 Amalphitana
1296 1317 1310 1342 1
1323 1309 1357 1342 8.
1377 1303 1455 1351 Ja-

139 1352 186 1389 lii
205 1358 315 1400 1699.
329 1368 344 1394 ,·
360 1354 428 1392 nifi
446 1354 494 1392 de
512 1353 744 1402 Apostolico
760 1352 956 1402 delegato
974 1363 1162 1402 ageretur
1179 1380 1191 1399 ‚
1222 1355 1288 1394 cui
1308 1367 1458 1403 expen-

139 1405 199 1443 sas
226 1417 367 1445 ornnes
397 1404 549 1444 dandas
586 1405 743 1445 censuit
783 1404 871 1449 Sac.
908 1406 1170 1455 congregatio
1210 1408 1270 1449 die
1299 1421 1360 1446 ιο.
1386 1406 1460 1455 Ju-

141 1455 188 1493 m
210 1471 324 1504 1727,

89 1507 196 1547 Cum
231 1509 403 1558 pecunia
432 1521 503 1558 pro
519 1510 630 1553 νῖιᾶιι
656 1508 777 1547 datur
793 1534 806 1553 ,
837 1519 915 1546 non
949 1521 997 1548 ea
1021 1517 1133 1547 certe
1152 1507 1228 1548 esse
1253 1508 1374 1549 debet
1390 1522 1462 1558 pro

122 1596 126 1603 ,
143 1560 313 1599 arbitrio
326 1561 565 1608 accipientis
579 1585 591 1604 ‚
621 1559 686 1599 sed
707 1559 930 1598 secundum
951 1560 1236 1601 neceffitatem
1250 1561 1464 1600 moderan-

143 1611 260 1657 da‚ut
278 1613 316 1651 in
335 1615 528 1651 Potentina
553 1614 810 1661 procurationis
839 1623 899 1659 24.
923 1610 1028 1660 Julii
1048 1622 1160 1658 1705.
1177 1612 1227 1649 ad
1238 1613 1286 1651 II.
1302 1615 1464 1657 dubium,

144 1667 188 1714 φ·
202 1664 241 1702 in
257 1666 303 1702 S.
321 1664 446 1702 Marci
459 1666 671 1714 visitationis
686 1677 721 1710 7.
740 1662 852 1711 Junii
870 1677 884 1701 1
895 1668 984 1708 708.

92 1713 158 1760 Ad
174 1716 502 1768 procurationem
528 1726 642 1757 certe
671 1715 920 1764 praestandam
944 1723 1136 1755 tenentur
1164 1715 1282 1765 plane
1311 1727 1466 1756 omnes-

143 1770 319 1808 ecclefiae
339 1794 350 1813 ‚
384 1770 422 1808 Sc
449 1769 539 1808 loca
556 1769 618 1818 pia
646 1768 818 1812 subjeeta
835 1776 911 1815 cap.
929 1778 1165 1818 conquerente
1188 1773 1251 1807 ¹6.
1267 1771 1312 1806 de
1327 1769 1460 1816 Praesc.

141 1831 216 1870 cap.
232 1831 340 1870 procu
363 1825 515 1863 rationes
534 1835 595 1864 23.
613 1823 657 1858 de
674 1820 763 1868 cens.

96 1871 180 1912 Sac.
196 1885 374 1922 congreg
385 1873 470 1911 atio
488 1873 526 1912 in
547 1886 623 1913 una
638 1875 824 1911 Narnien.
841 1871 1043 1920 proposito
1062 1874 1168 1912 dubio
1187 1884 1255 1911 :an
1267 1874 1460 1911 obtinentes

143 1927 229 1963 bene
261 1929 315 1963 cia
345 1925 523 1973 simplicia
537 1930 576 1964 in
588 1936 686 1963 terra
702 1924 833 1962 Garbii
847 1933 1038 1961 teneantur
1066 1938 1149 1964 cum
1163 1927 1325 1974 parochis
1343 1951 1356 1970 ‚
1373 1938 1456 1962 con-

144 1987 162 2016 t
222 1990 306 2015 uere
327 1980 568 2025 procurationi
582 1978 747 2027 Episcopo
763 1976 926 2023 visttanti
953 1977 1126 2025 dioecesim
1150 1978 1353 2026 prestanda
1366 2002 1379 2021 ‚
1397 1989 1464 2016 re·-

151 2029 304 2079 scripfit
320 2030 380 2065 die
396 2043 409 2066 1
422 2043 453 2067 2.
471 2032 685 2079 Septembris
703 2032 814 2075 1654.
832 2038 842 2063 :
859 2024 1062 2076 hujusmodi
1080 2030 1311 2074 beneficiatos
1341 2029 1460 2067 teneri

148 2087 210 2125 lib.
220 2099 278 2131 19·
307 2083 445 2119 decret.
457 2090 567 2129 pag.3
572 2096 636 2128 99.

101 2135 145 2174 In
174 2150 253 2177 una
278 2132 450 2184 Bojanen.
479 2134 527 2171 ad
553 2135 623 2172 IV.
638 2133 745 2172 dub.:
763 2143 808 2168 an
836 2130 1029 2167 obtinentes
1061 2131 1233 2177 beneficia
1261 2132 1372 2167 etiam
1380 2130 1465 2177 sim-

148 2190 259 2238 plicia
272 2213 284 2232 ,
310 2187 378 2234 seu
410 2185 620 2232 capellanias
649 2188 687 2221 in
714 2181 862 2221 titulum
888 2190 1079 2219 teneantur
1107 2183 1334 2220 contribuere
1353 2181 1458 2220 diffls

151 2239 385 2281 victualibus,
401 2235 596 2282 rescripsit
605 2237 675 2285 sub
690 2237 749 2273 die
767 2246 827 2281 14.
836 2234 1053 2271 Novembris
1073 2237 1186 2283 1654:
1205 2236 1318 2272 teneri
1328 2241 1395 2282 pro
1412 2246 1470 2270 ra-

153 2303 190 2335 ta
206 2292 429 2337 contribuere
442 2289 503 2327 lib.
514 2301 570 2334 19.
591 2290 722 2325 decret.
737 2297 915 2336 pag.427.

106 2341 153 2380 In
168 2345 309 2383 eadem
336 2339 506 2388 Bojanen.
527 2339 575 2378 ad
592 2368 601 2378 .
620 2341 668 2377 V.
684 2339 768 2376 dub.
786 2348 795 2373 z
815 2349 860 2372 an
887 2335 1018 2384 eisdem
1044 2337 1257 2376 viffualjbm
1278 2345 1469 2376 teneamur

154 2399 370 2435 contribuere
397 2393 705 2439 confraternitates
726 2390 895 2427 laicorum
911 2416 920 2425 .
937 2388 1134 2435 rescripsit
1152 2401 1162 2427 :
1180 2390 1466 2437 Consraternita·

156 2457 206 2484 tes
221 2450 379 2497 visitatas
394 2447 508 2483 teneri
523 2446 571 2481 ad
581 2444 739 2482 eamdem
752 2441 1041 2479 contributionem
1053 2449 1116 2488 pro
1133 2450 1215 2478 rata
1234 2471 1247 2481 .

104 2501 150 2541 In
167 2511 241 2538 una
259 2500 484 2549 Juvenacen.
504 2497 571 2544 feu
586 2496 719 2533 nullius
739 2492 882 2532 Terlitii
909 2493 1118 2541 visitationis
1149 2493 1198 2532 ad
1235 2495 1264 2532 I.
1280 2493 1390 2533 duh:
1421 2508 1467 2533 an

153 2557 354 2602 procuratio
366 2552 414 2598 fit
427 2550 621 2599 praestanda
637 2547 742 2595 asola
760 2545 946 2592 collegiata
974 2544 1119 2582 Terlitii
1132 2570 1144 2589 ,
1164 2545 1226 2584 vel
1245 2555 1311 2594 per
1337 2550 1467 2587 enutri-

158 2607 281 2641 bntum
294 2606 338 2640 ab
353 2603 505 2641 omnibus
521 2602 601 2639 aliis
616 2600 794 2648 Ecclestis,
810 2600 853 2641 ὠ*
865 2596 947 2635 locis
960 2600 1029 2643 piis
1045 2598 1246 2646 visitandis,
1263 2598 1466 2647 rescripfit

151 2656 220 2703 sub
234 2657 294 2691 die
312 2667 370 2698 23.
388 2655 560 2703 Jaunaris·
580 2657 689 2698 ¹705·
705 2653 871 2701 negative
881 2651 929 2687 ad
951 2648 980 2688 I.
993 2658 1160 2700 partem,
1189 2650 1404 2700 affirmative
1416 2650 1467 2694 ad

151 2710 200 2756 ,H-
218 2708 346 2752 lib.56.
367 2711 471 2746 decre
484 2716 511 2746 t.
524 2716 674 2756 pagus.
1425 2751 1472 2797 Iu
