1981 2964
1410 152 1459 186 9¹

124 190 220 239 scut.
239 191 350 225 trium
377 187 561 238 quolibet
583 189 718 228 mense
734 216 744 227 .
773 187 883 229 Hinc
906 188 1017 228 curia
1032 213 1046 235 ‚
1072 200 1123 228 ne
1149 188 1320 237 populus
1347 189 1459 230 sacro

137 240 370 281 administro
389 248 548 280 careret
565 240 723 280 interea
740 267 754 286 ‚
784 240 944 280 monito
960 251 1068 288 prius
1083 240 1458 290 archipresbytero,

136 293 175 333 ei
192 292 381 331 salarium
396 293 606 331 constituit
630 293 867 334 solvendum
892 307 913 331 a
928 295 1046 343 mensa
1058 293 1275 345 Epist-opali,
1301 304 1457 344 repeton.

136 359 156 382 a
172 358 253 395 qao,
262 346 333 394 seu
347 346 471 394 quibus
488 344 627 398 dejure
642 375 651 384 .

84 393 173 435 Post
187 399 266 435 haec
296 398 414 447 plene
444 410 486 437 re
502 398 618 436 omni
636 398 800 447 cognita
828 399 888 436 die
903 411 966 442 30.
981 398 1147 448 Augusti
1166 403 1277 447 1764.
1295 398 1454 439 senten·-

140 450 260 493 tiam,
274 462 357 500 quae
376 449 533 499 integra
545 449 722 489 videnda
742 451 927 495 est‚curia
946 452 1059 490 tulit.
1079 450 1321 490 Declaravit
1339 463 1454 490 exce-

135 503 297 551 ptiones
316 503 362 540 ab
375 502 729 551 archipresbytero
745 503 965 549 propositas
981 515 1058 542 non
1075 503 1226 543 obstare
1240 516 1255 543 ³·
1272 503 1455 542 retinen-

136 554 234 591 dum
254 555 511 602 capellanum
540 554 579 591 in
599 553 750 592 sacello
766 554 962 593 Molariaes
989 553 1229 593 solvendum
1261 554 1298 593 ei
1312 555 1455 601 stipen-

137 606 251 644 dium
286 617 332 644 ex
363 605 530 643 incertis
558 605 756 652 parochiae
786 604 983 644 reditibus
1000 618 1014 644 ,-
1045 606 1072 644 fi
1098 617 1176 643 non
1205 605 1453 650 sufficerent,

136 658 321 706 quolibet
337 669 440 694 anno
458 657 504 694 ab
525 655 606 704 ipsa
620 657 756 695 mensa
773 656 1041 706 supplendum
1057 670 1073 698 s
1101 657 1140 695 ὃς
1171 657 1250 696 alia
1265 658 1369 707 aequi
1384 659 1454 697 bo-

137 711 259 758 nique
278 715 604 755 temperamenta
622 707 781 747 addidit
801 738 811 748 .

85 758 330 810 Appellavit
358 759 405 797 ad
423 759 472 798 A.
487 759 534 798 C.
551 762 878 808 archipresbyter
894 788 907 807 ,
943 762 1009 801 sed
1025 761 1140 801 causa
1165 761 1218 800 ad
1248 761 1332 800 Sac.
1347 760 1458 800 Con-

135 811 415 861 gregationem
433 837 445 856 ‚
481 812 543 850 uti
559 812 732 852 debebat
749 838 761 857 ‚
793 813 931 854 delata
946 815 998 853 est
1016 844 1025 852 .
1044 814 1107 852 De
1134 825 1180 852 ea
1196 814 1248 852 est
1262 825 1369 852 nunc
1388 825 1459 851 co-

134 862 408 913 gnoscendum
424 893 432 902 .
452 863 545 901 Duo
560 863 846 911 disputationis
862 866 953 904 sunt
972 866 1134 912 capita:
1167 864 1217 903 de
1238 865 1454 913 capellano

133 915 349 954 retinendo
371 917 482 960 juxta
515 915 755 955 decretum:
785 916 834 956 de
850 915 986 955 salarii
1017 915 1255 967 quantitate
1271 937 1286 958 ,
1317 912 1458 960 modo,

136 975 260 1017 atque
278 966 529 1016 obligatione
544 996 554 1006 .

87 1019 262 1069 Quaestio
274 1027 364 1057 tota
382 1031 427 1058 ex
440 1018 548 1057 facto
564 1019 716 1068 pendet
730 1048 739 1058 .
758 1020 790 1059 Ι.
807 1032 855 1058 an
870 1019 968 1058 adfit
983 1016 1197 1058 necesfitas
1214 1042 1228 1062 ‚
1257 1029 1304 1057 ex
1318 1016 1464 1057 distan-

139 1072 197 1111 tia
213 1095 226 1115 ‚
260 1070 584 1111 &incommodis
601 1071 758 1110 viarum
774 1085 787 1112 3
804 1084 850 1112 ex
867 1073 986 1111 aufto
1001 1071 1153 1119 populo
1168 1095 1182 1115 ,
1204 1082 1249 1109 ex
1265 1069 1460 1115 absurdis,

138 1124 177 1164 Sc
208 1123 366 1162 damnis
383 1147 396 1166 ‚
428 1136 513 1174 quae
541 1123 778 1163 acciderunt
795 1150 808 1170 ,
835 1125 884 1163 ob
910 1122 1229 1173 amplitudinem
1262 1123 1461 1171 parochiae

135 1176 277 1213 Montis
291 1178 427 1219 Porcii,
445 1189 529 1225 quae
544 1176 781 1215 latiffimum
804 1177 911 1216 circa
924 1176 963 1216 se
975 1176 1087 1215 omni
1103 1187 1148 1215 ex
1167 1183 1281 1223 parte
1296 1185 1456 1223 agrum,

140 1229 180 1268 ὃς
198 1228 316 1266 villas
348 1229 470 1277 longe
489 1226 644 1267 diffitas
663 1254 675 1273 ‚
705 1237 850 1277 praeter
874 1228 1071 1278 oppidum
1103 1228 1250 1267 habere
1279 1226 1462 1265 dicitur.

142 1279 198 1319 ΙΙ.
215 1292 263 1318 an
280 1282 636 1329 archipresbytero
663 1283 771 1320 tales
787 1282 942 1320 reditus
959 1282 1033 1320 fint
1049 1305 1062 1325 ‚
1096 1279 1164 1329 qui
1192 1278 1242 1318 ad
1261 1279 1348 1324 ejus
1366 1291 1467 1316 con-

144 1344 302 1382 gruam,
322 1333 359 1370 &
374 1332 422 1370 ad
439 1333 696 1378 capellanum
716 1331 917 1368 sufficiant
935 1357 945 1369 .

93 1381 431 1422 Luculentiffima
461 1382 553 1419 hinc
573 1378 831 1429 inde'scripta
858 1379 1202 1420 circumferentur
1217 1409 1227 1418 .
1257 1379 1465 1424 Ejusmodi

140 1434 201 1474 rei
216 1433 397 1472 doftrina
413 1432 631 1472 secundum
648 1445 820 1471 canones
836 1457 849 1475 ‚
866 1446 911 1471 ac
928 1440 1114 1477 receptas
1132 1431 1218 1471 sac.
1233 1430 1466 1480 Congrega-

140 1485 270 1525 tionis
286 1485 505 1524 sententias
525 1484 725 1521 notiffima
739 1485 791 1521 est
803 1508 816 1527 ‚
830 1484 908 1522 five
923 1482 974 1519 de
987 1482 1220 1520 dividendis
1239 1483 1460 1528 parochiis,

142 1538 225 1576 five
239 1537 289 1574 de
304 1534 466 1574 vicariis
484 1560 497 1581 ‚
511 1535 549 1575 &
564 1534 804 1584 capellanis²
817 1536 883 1574 vel
901 1531 1109 1585 perpetuis
1124 1557 1137 1577 ,
1153 1534 1220 1573 vel
1232 1531 1281 1571 ad
1299 1541 1461 1582 tempus

145 1588 388 1635 deputandis
405 1617 415 1627 .

96 1638 321 1682 Clariffima
337 1640 389 1680 est
416 1640 785 1681 sanffioConcilii:
816 1641 1008 1691 Episcopi,
1036 1643 1146 1678 etiam
1169 1649 1351 1688 tamquam
1362 1638 1465 1687 Apo-

136 1691 275 1745 stolicae
306 1694 411 1731 Sedis
426 1694 624 1743 delegatis,
658 1697 697 1733 in
712 1696 868 1732 omnibus
896 1694 1049 1742 ecclesiis
1070 1692 1337 1742 parochialibus
1353 1715 1366 1735 ‚
1397 1689 1462 1728 vel

149 1745 417 1794 baptismalibus
434 1771 448 1790 ,
478 1751 516 1783 in
528 1749 652 1795 quibus
680 1748 828 1797 populus
847 1751 901 1784 ita
923 1745 1121 1793 numerosus
1127 1746 1176 1794 fit
1191 1769 1204 1788 ,
1234 1752 1278 1781 ut
1294 1755 1383 1780 anax
1399 1756 1461 1779 re-

149 1799 221 1836 ἒῖον
256 1811 322 1835 non
343 1800 437 1847 pofflt
456 1799 619 1847 sufficere
648 1800 884 1850 ecclesiasticis
912 1799 1162 1837 sacramentis
1189 1795 1455 1843 ministrandis,

146 1852 190 1894 ὠ·
220 1849 339 1888 cultui
364 1853 489 1889 divino
511 1854 712 1901 peragendo
728 1878 740 1896 ‚
773 1861 898 1902 cogant
924 1853 1072 1889 reffores
1104 1873 1119 1893 ‚
1150 1848 1213 1888 vel
1244 1848 1330 1885 alios
1368 1872 1380 1892 ,
1411 1847 1461 1884 ad

145 1915 228 1953 quos
240 1904 400 1951 pertinet
415 1929 427 1949 ‚
449 1905 519 1953 fibi
534 1915 585 1941 tot
599 1906 807 1954 sacerdotes
822 1905 872 1942 ad
885 1905 948 1942 hoc
974 1916 1098 1941 manus
1115 1900 1315 1955 adjungere
1337 1924 1348 1944 ,
1381 1908 1464 1950 quot

142 1954 323 2003 sufficiant
351 1957 401 1992 ad
428 1959 674 1994 Sacramenta
701 1957 906 1995 exhibenda
918 1980 931 2000 ,
970 1959 1013 2000 ὠ·
1041 1954 1178 1993 cultam
1205 1954 1375 1990 divinum
1404 1965 1463 1990 ce-

148 2007 363 2044 lebrandam
374 2021 388 2047 ,-
406 2012 444 2045 in
460 2010 512 2046 his
531 2023 614 2047 vero
631 2035 643 2053 ‚
676 2014 714 2046 in
731 2012 855 2060 quibus
872 2010 912 2045 ab
928 2009 1085 2046 locorum
1095 2007 1304 2055 distantiam
1321 2030 1333 2048 ‚
1341 2005 1460 2051 sive)

150 2059 398 2107 difficultatem
408 2063 615 2108 parochiani
625 2063 701 2110 stne
718 2075 841 2111 magno
859 2062 1076 2099 incommodo
1088 2059 1137 2095 ad
1145 2057 1384 2106 percipienda
1393 2055 1460 2102 sa-

150 2123 335 2150 cramenta
348 2138 360 2156 ‚
381 2115 423 2155 ξφ
437 2114 566 2151 divina
581 2115 692 2162 officia
706 2115 890 2152 audienda
904 2114 1074 2151 accedere
1090 2123 1156 2147 non
1166 2108 1306 2157 poffunt
1322 2131 1334 2149 ‚
1350 2120 1461 2144 novas

145 2166 332 2214 parochias
348 2189 360 2208 ‚
387 2168 496 2202 etiam
509 2168 643 2204 invitis
660 2168 851 2204 refloribus
867 2191 882 2210 ‚
905 2165 1021 2219 juxta
1031 2164 1186 2210 sormam
1200 2160 1460 2208 constitutionis

149 2216 356 2261 Alex.lll.,
371 2230 446 2266 quae
456 2221 582 2266 incipit
598 2218 866 2262 Audieram,
885 2218 1094 2267 constituere
1101 2215 1236 2263 poffinb·
1250 2212 1324 2248 illis
1342 2221 1462 2250 alitem·

144 2267 475 2319 sacerdotibu5‚qui
486 2271 533 2306 de
543 2283 630 2308 novo
640 2282 748 2309 erunt
762 2270 912 2319 ecclesiis
929 2273 1072 2307 noviter
1087 2266 1209 2304 ereflis
1222 2263 1464 2313 praeficiendi,

155 2330 347 2370 competens
363 2323 547 2371 affignetur
554 2327 669 2370 portio
685 2325 834 2361 arbitrio
850 2323 1010 2371 Episcopi
1029 2318 1258 2367 exfruflibus
1288 2317 1335 2351 ad
1353 2313 1470 2351 eccle·

146 2372 238 2422 fiam
253 2377 437 2411 matricem
452 2376 770 2424 quomodocumque
783 2374 1046 2422 pertinentibus
1061 2397 1077 2415 ‚
1093 2370 1175 2416 &fi
1188 2367 1466 2414 neceffefiterit,

159 2425 362 2473 compellere
370 2428 463 2476 poffi't
474 2426 642 2476 populum
653 2440 695 2464 ea
699 2426 988 2475 subministrare,
1009 2437 1085 2474 quae
1092 2421 1275 2470 sufficiant
1291 2419 1340 2456 ad
1355 2422 1471 2459 vitam

156 2478 326 2514 diriorum
335 2479 567 2526 sacerdotum
575 2479 848 2527 sustentandam
861 2506 870 2515 .
883 2475 996 2524 seſsa
1008 2489 1022 2512 ι
1033 2504 1041 2514 .
1057 2483 1179 2522 cap.4..
1195 2473 1240 2509 de
1257 2472 1441 2518 refhrmat.

106 2528 297 2568 Videnda
337 2532 538 2581 constitutio
566 2533 761 2569 innocentii
800 2528 903 2566 XIII.
935 2527 1138 2576 Apostolici
1175 2525 1365 2574 ministerii
1405 2537 1465 2568 23.

160 2581 261 2617 Maii
282 2594 391 2625 1723.
406 2608 420 2628 ,
439 2586 482 2628 ὠ·
494 2583 680 2622 Benedicta·
695 2584 802 2620 XIV.
822 2584 995 2629 incipiens
1010 2583 1049 2616 in
1056 2578 1222 2628 supremo
1238 2606 1248 2615 .

108 2632 174 2674 Ad
193 2644 277 2671 rem
296 2631 451 2672 faciunt
465 2635 617 2686 Aquen.
632 2635 971 2680 Dismembrationis
994 2646 1007 2669 1
1019 2643 1051 2672 3.
1068 2629 1170 2679 Julii
1202 2643 1314 2676 1720.
1331 2651 1345 2672 ‚
1377 2629 1421 2671 ὠ
1437 2640 1475 2666 2.

154 2685 318 2734 Augusta·
367 2698 478 2730 1721.
504 2711 518 2728 ‚
563 2689 784 2728 Derthonea.
830 2684 1166 2732 Dismembratiom's
1211 2694 1246 2725 ς.
1289 2679 1441 2732 Aprilis
1457 2703 1472 2722 ς

215 2740 312 2777 Tm,
334 2737 521 2776 XXXIV.
862 2735 907 2774 Μ
965 2750 983 2774 2
1349 2734 1473 2777 &30-
