2035 2969
466 158 650 248 fallacem,
675 193 744 242 sea
754 202 930 243 pauperes
943 192 1191 242 sustentandos
1207 188 1374 239 instituta
1393 188 1513 238 sunt,
1539 193 1601 240 ipfi
1626 205 1671 231 ex
1687 192 1792 242 officio

463 249 580 305 juxta
585 249 770 297 sacrorum
787 248 967 284 canonum
980 246 1112 286 llatuta
1129 242 1357 292 cognoscant,
1384 245 1429 285 ὠ·
1443 254 1664 291 exequantur
1681 269 1693 289 ,
1722 259 1790 283 non

470 301 682 349 obstantibus
692 311 912 347 quacumque
927 297 1181 346 consuetudine
1209 298 1320 332 etiam
1333 294 1608 333 immemorabili
1626 321 1640 343 ,
1665 301 1789 346 privi-

471 355 563 402 legio
579 376 592 394 ‚
608 350 976 399 autstatutosesx.22.
996 354 1116 397 cap.8.
1135 350 1180 386 de
1194 348 1339 395 reform.

419 405 486 447 Ad
504 403 662 443 causam
680 427 693 446 ‚
709 401 815 450 quod
829 402 1009 450 proxime
1026 399 1189 440 accedit
1204 426 1218 446 ,
1233 400 1399 440 videtur
1414 399 1648 439 testatorem
1666 400 1796 447 respe-

472 454 566 494 xisse
584 464 724 492 omnes
752 465 946 502 pauperes
960 478 974 498 ,
1004 454 1284 500 ettaminfirmos
1303 452 1442 491 Montis
1454 453 1589 492 Bodiis
1617 450 1794 491 advenas

472 520 572 547 vero
588 506 744 552 infirmos
761 505 799 543 in
815 505 903 544 solo
919 506 1008 546 casu
1023 505 1273 545 neceffitatis
1286 533 1297 544 .

419 559 484 599 De
503 557 693 597 cautione
710 557 840 596 danda
857 581 871 600 ‚
903 557 1210 607 ponderandum
1225 570 1321 598 num
1338 558 1365 596 fi
1383 556 1726 597 administratores
1747 556 1796 594 ab

466 610 669 659 Episcopo
684 610 932 659 approbandi
949 611 1026 649 fint
1043 635 1058 655 ‚
1074 610 1289 651 necessaria
1305 610 1352 649 fit
1368 609 1619 659 postmodum
1634 607 1791 648 cautio:

466 674 566 701 num
583 662 758 702 inveniri
775 661 894 711 poffit
909 686 924 706 ‚
941 662 1010 713 qui
1030 665 1110 703 fine
1128 663 1212 702 ulla
1228 662 1419 702 mercede
1435 662 1689 700 administret
1708 686 1722 706 ‚
1756 660 1797 700 &

467 723 617 754 caveat
634 743 644 753 .
673 714 742 753 Ad
775 727 862 753 rem
889 712 992 754 facit
1021 715 1219 756 resolutio
1243 717 1283 754 in
1300 715 1513 764 Caesenczten.
1533 728 1595 764 19.
1615 713 1794 763 Januarii

463 769 624 816 proximi
641 766 747 816 elapst
760 767 810 803 ad
820 768 960 806 dubx.

414 818 731 859 Advertendum
775 818 1014 859 sodalitium
1059 819 1204 860 mortis
1249 817 1328 859 esse
1372 819 1579 859 haeredem
1620 819 1793 858 univer·

469 871 599 910 salem
613 870 755 919 Angeli
767 873 1003 909 Summarum·
1018 896 1031 917 ‚
1061 871 1234 922 ideoqne
1249 872 1466 911 obnoxium
1483 870 1663 912 ferendis
1691 882 1791 910 one·

467 922 578 960 ribus
627 923 860 961 testamenti
874 936 890 963 ,-
930 934 1005 962 nec
1038 924 1198 973 liquere
1242 933 1343 974 quot
1386 924 1434 963 ab
1468 924 1594 963 initio
1624 934 1789 973 repere-

466 974 523 1013 rit
566 974 667 1011 bona
680 1003 690 1011 .
730 973 950 1013 Sciendum
979 975 1106 1014 etiam
1135 977 1188 1014 est
1221 974 1260 1013 in
1292 988 1342 1015 eo
1382 975 1536 1025 oppido
1567 975 1692 1014 aliam
1720 973 1795 1013 do-

464 1025 807 1114 murngmspitalis
826 1024 1008 1076 effe‚quae
1026 1026 1249 1077 hospitium
1266 1029 1416 1076 praebet
1433 1026 1604 1068 advenis
1619 1026 1797 1077 peregri-

464 1085 580 1116 nanti
612 1089 657 1115 us
672 1105 682 1116 .

418 1128 587 1170 sodales
601 1135 764 1168 certant
779 1153 793 1175 ‚
821 1129 950 1171 deesse
966 1131 1006 1170 in
1023 1132 1267 1172 testamento
1284 1131 1388 1170 illud
1405 1130 1648 1171 adverbium
1666 1134 1795 1175 etiam,

467 1180 534 1220 ubi
553 1181 603 1220 de
623 1181 789 1219 infirmis
808 1183 943 1232 agitur
959 1212 968 1222 .
987 1182 1109 1231 Quod
1125 1193 1264 1223 autem
1280 1183 1401 1232 supra
1417 1184 1538 1223 datur
1557 1185 1796 1233 exemplum

465 1244 512 1272 ex
535 1233 779 1273 authentico
795 1233 1001 1284 integrum
1015 1235 1120 1284 apud
1137 1237 1222 1274 acta
1239 1236 1291 1274 est
1309 1264 1318 1274 .

410 1283 675 1386 EEQljatrnm
708 1295 824 1324 certo
842 1312 856 1332 ‚
885 1298 930 1325 ac
946 1286 1138 1334 prudenti
1153 1286 1310 1333 judicio
1325 1289 1464 1328 omnia
1497 1287 1642 1327 relicta
1673 1285 1765 1326 sunt
1781 1314 1794 1324 .

511 1344 680 1374 uaeritur

476 1387 509 1428 l.
540 1387 616 1425 An
636 1395 807 1436 pauperes
833 1398 908 1426 tam
924 1388 1066 1436 infirmi
1082 1415 1095 1434 ‚
1126 1401 1232 1438 quam
1261 1401 1328 1426 non
1351 1388 1489 1435 infirmi
1517 1397 1624 1427 terrae
1649 1386 1794 1426 Montis

565 1441 675 1478 Bodii
693 1441 767 1486 sint
781 1443 984 1489 excipiendi
999 1444 1039 1478 in
1056 1440 1223 1488 hospitali
1237 1442 1375 1477 ibidem
1387 1442 1499 1479 eresszo
1514 1442 1564 1478 ad
1569 1441 1727 1488 formam
1743 1450 1801 1478 te-

558 1493 733 1541 stamenti
747 1493 925 1539 quondam
940 1492 1085 1540 Angeli
1100 1494 1332 1528 Samraarani
1347 1515 1362 1534 ‚
1388 1496 1427 1528 in
1446 1492 1529 1538 casu
1544 1495 1621 1535 (γε.

461 1542 518 1583 11.
545 1545 617 1581 An
644 1545 694 1579 eis
713 1542 1103 1594 fintsubmintssranda
1117 1541 1288 1579 alimenta
1302 1566 1316 1586 ‚
1347 1545 1391 1586 ὠ·
1417 1542 1611 1592 respective
1627 1544 1793 1587 medela,

578 1594 723 1643 aliaque
736 1594 932 1642 neceffaria
950 1620 962 1639 ,
978 1596 1018 1632 in
1033 1595 1117 1643 casu
1132 1597 1206 1638 &a

450 1647 530 1688 111.
566 1649 637 1685 An
652 1647 849 1683 retinendae
854 1647 931 1696 fint
946 1647 1136 1696 manfiones
1151 1642 1322 1696 d'istinflae
1337 1671 1349 1691 ,
1365 1647 1408 1689 (θ’
1415 1646 1594 1695 separatae
1604 1656 1668 1696 pro
1683 1649 1796 1685 terri-

560 1701 669 1748 genis
684 1701 817 1735 exteris
835 1721 849 1743 ‚
881 1701 925 1743 (θ’
943 1699 1154 1738 mulieribus
1181 1711 1254 1736 ana
1268 1711 1348 1736 cum
1372 1697 1469 1736 leffis
1487 1722 1500 1743 ‚
1507 1699 1588 1748 five
1605 1699 1799 1746 cubilihns,

569 1754 608 1788 in
624 1749 708 1797 casu
720 1753 796 1793 &a

445 1801 516 1846 IV.
545 1801 622 1840 An
638 1803 721 1839 PP.
741 1803 908 1842 Oratorii
923 1804 964 1842 S.
983 1801 1147 1852 Philippi
1161 1803 1282 1841 Nerii
1295 1803 1459 1851 degentes
1469 1812 1534 1853 pro
1547 1812 1701 1852 tempore
1718 1807 1794 1840 in.»

562 1855 660 1892 difla
672 1855 784 1892 Terra
786 1855 860 1903 sint
862 1854 1091 1904 praeponendi
1099 1854 1192 1891 dieto
1206 1853 1372 1902 hospitali
1375 1853 1492 1906 juxta
1504 1855 1690 1893 decretum
1704 1854 1792 1892 Ra'u'

564 1905 731 1956 Epist-opi
744 1911 782 1947 in
789 1907 898 1954 sacra
919 1908 1124 1955 vifitatione
1141 1907 1382 1955 interpofitum
1398 1931 1411 1950 ,
1425 1911 1464 1945 in
1478 1907 1561 1956 casu
1576 1910 1652 1950 ἔστ.

457 1958 507 1998 V.
537 1962 608 1998 An
623 1961 711 1996 bona
740 1960 927 2007 hospitalis
946 1960 1020 2008 sint
1054 1957 1338 2005 administranda
1363 1968 1428 2007 per
1447 1960 1658 2008 separatum
1686 1960 1796 1997 mim·-

556 2012 676 2064 strum
691 2012 734 2047 ab
747 2011 829 2048 aliis
844 2012 942 2048 honis
962 2011 1272 2057 confraternitatis
1289 2034 1302 2054 ‚
1319 2013 1356 2047 in
1369 2011 1453 2058 casu
1470 2015 1542 2054 &a

443 2064 482 2104 V
492 2062 522 2102 Ι.
552 2062 629 2100 An
657 2062 964 2110 administratores
992 2063 1157 2112 praedifii
1174 2062 1248 2110 sint
1264 2064 1480 2111 approbandi
1507 2065 1550 2101 ab
1569 2063 1787 2107 Ordlnario,

567 2118 612 2160 (ς’
628 2128 760 2154 cavere
775 2115 930 2153 debeant
962 2115 1008 2153 de
1019 2116 1109 2153 bene
1124 2139 1138 2159 ‚
1167 2116 1209 2158 ἐς·
1223 2114 1394 2161 fideliter
1409 2116 1690 2165 administrando
1710 2138 1724 2158 ‚
1752 2118 1791 2151 in

563 2168 650 2215 casu
669 2170 744 2211 ἔστ.

429 2217 520 2259 VII.
551 2219 626 2257 An
635 2220 685 2268 stt
703 2219 965 2267 conficiendum
980 2221 1231 2258 inventarium
1248 2218 1432 2258 mobilium
1445 2242 1462 2264 ‚
1492 2217 1718 2270 aliarumque
1736 2232 1796 2258 re-

564 2286 648 2310 ram
661 2274 711 2309 ad
723 2272 897 2323 hospitale
903 2272 1064 2321 speflan.
1079 2297 1091 2316 ‚
1108 2274 1150 2310 in
1162 2271 1249 2320 casu
1266 2274 1340 2315 &a

407 2323 528 2364 VIII.
559 2328 632 2364 An
651 2351 666 2371 ‚
697 2328 740 2369 (ἓν
753 2326 919 2376 quomodo
937 2325 1167 2374 adscribendi
1173 2325 1250 2373 fint
1265 2326 1350 2362 novi
1355 2323 1499 2373 sodales
1511 2328 1551 2363 in
1562 2325 1641 2363 albo
1658 2326 1796 2371 consraae

568 2382 753 2416 ternitatis
769 2401 783 2422 ‚
799 2382 837 2416 in
850 2378 935 2426 casu
951 2381 1024 2420 &a

451 2426 527 2470 IX.
560 2433 657 2475 An,
685 2434 729 2476 ἶς’
741 2432 804 2469 uhi
823 2431 1061 2469 convocandae
1080 2429 1157 2480 fint
1169 2433 1454 2481 congregationes
1477 2430 1580 2470 difiae
1592 2432 1791 2479 confrater-

570 2486 701 2520 nitatis
718 2507 732 2527 ,
749 2487 787 2522 in
801 2483 886 2533 casu
902 2493 975 2528 &c-

464 2529 521 2570 Χ.
552 2536 623 2570 An
641 2560 654 2579 ,
672 2538 714 2580 ὠ·
729 2540 768 2573 in
784 2551 854 2586 qua
864 2534 1410 2588 summafintsubmimssrandae
1421 2536 1582 2588 expensa
1594 2560 1610 2583 ⁵
1637 2534 1794 2585 &sum-

569 2593 651 2632 ptus
668 2585 747 2625 lutis
764 2612 778 2633 ‚
788 2592 828 2627 in
843 2589 926 2636 casu
939 2590 1014 2633 &c-

519 2684 561 2725 N
577 2698 632 2727 on
647 2691 847 2739 propofita
859 2717 876 2739 ‚
901 2705 1000 2735 cum
1016 2693 1188 2745 reliquis
1200 2721 1214 2734 .
1698 2742 1770 2782 Bo
