2035 2969
585 155 661 200 ⁸96
984 163 1046 197 14.
1069 150 1277 191 Decembris
1311 152 1425 195 1765.

582 199 842 244 intercedant
854 222 867 243 ,
883 211 1028 248 nempe
1044 201 1220 239 absoluta
1237 200 1464 244 necestitas‚
1481 201 1519 240 St
1536 201 1712 246 utilitas,
1729 203 1767 243 &
1781 202 1887 253 quod

581 252 732 295 nonnisi
748 263 816 300 per
832 249 1070 290 divisionem
1088 252 1290 299 provideri
1308 252 1444 290 valeat
1478 255 1616 293 Lotter.
1630 256 1674 291 de
1690 270 1726 292 re
1739 255 1886 299 benefic„

581 307 742 354 lib.prmo
759 302 941 353 quaest-28.
956 317 1119 346 numam
1136 330 1149 349 ,
1177 306 1364 342 Corradin.
1397 307 1436 341 in
1456 313 1567 353 prax.
1600 307 1745 352 benefic.
1762 308 1827 345 lib.
1849 319 1885 347 3.

579 367 698 407 cap.2.
727 368 868 401 num-7.
887 380 900 400 ,
928 357 1013 395 Ros.
1031 369 1148 394 coram
1172 354 1363 396 Falconer.
1395 359 1433 393 in
1462 356 1669 403 Miscellan.
1696 359 1803 406 decis}
1824 370 1888 405 34.

580 421 700 451 numa
714 421 744 447 1.
762 431 774 452 ,
802 410 846 452 ὠ·
859 410 899 445 in
917 409 1100 459 Eistenen.
1117 410 1335 447 deeimarum
1354 420 1412 456 14.
1430 407 1534 458 Juh‘z·
1557 420 1670 456 1755.
1686 419 1888 454 §.s-coram

578 462 757 509 Figueroa
771 488 780 498 .

530 514 745 561 Impugnat
761 510 899 551 omnia
913 535 926 555 ‚
944 524 1029 562 quae
1049 524 1095 551 ex
1111 519 1224 562 parte
1239 512 1533 561 Vicisuperioris
1546 511 1768 553 afferuntur
1783 543 1794 554 .
1809 514 1887 553 Di·-

577 563 763 604 stantiam
781 564 910 604 talem
936 576 1012 603 non
1026 562 1102 605 effe
1117 593 1129 605 .
1159 562 1291 602 Nullo
1303 563 1480 603 torrenti
1506 564 1742 606 intersecari
1760 567 1887 610 viam,

577 616 702 656 nullis
720 616 1051 664 impedimentis;
1080 616 1309 665 periculum
1325 614 1448 657 abesse
1473 627 1620 656 omne.
1647 617 1799 658 Haberi
1827 628 1888 659 tc-

575 668 806 709 stimonium
822 668 939 717 ipfius
959 668 1174 717 Episcopi,
1208 667 1276 718 qui
1293 669 1382 708 loca
1412 667 1452 705 in
1473 680 1513 707 re
1532 669 1723 716 praesente
1754 671 1887 719 perlu-

578 722 717 761 stravit
732 751 743 762 ,
773 720 869 760 Non
881 720 1038 769 probari
1060 720 1317 760 incommoda
1335 746 1347 765 ,
1366 721 1402 760 δε
1420 720 1609 767 absurda,
1638 734 1723 772 quae
1741 734 1886 763 evene-

579 773 661 813 rint
676 773 727 812 ob
741 773 964 815 incolarum
980 771 1181 814 decessum
1197 774 1276 812 fine
1296 772 1558 812 sacramentis
1572 802 1583 813 .
1613 773 1652 812 Si
1670 774 1710 814 id
1724 775 1889 815 accide-

577 825 634 865 rit
650 851 663 870 ,
683 825 944 875 negligentiae
962 825 1350 875 consanguineorum
1367 823 1669 864 adscribendum
1685 855 1695 865 .
1726 826 1769 865 Id
1789 840 1890 877 quo-

578 890 657 928 que
672 877 838 918 evenire
853 876 1069 928 aliquando
1097 877 1202 927 poffe
1230 877 1268 917 in
1290 878 1376 924 ipfis
1403 877 1604 926 parochiis
1622 901 1635 920 ‚
1668 891 1753 930 quae
1783 879 1889 918 vici-

577 941 669 968 narn
685 930 896 972 eeclesiam
913 955 926 975 ‚
940 930 976 968 &
998 932 1215 976 parochum
1236 929 1474 978 praesentem
1488 930 1635 968 habent
1655 958 1666 968 .
1697 930 1883 968 Nonnul-

576 982 617 1021 la
635 980 709 1021 effe
727 994 861 1022 rerum
881 984 1147 1020 humanarum
1163 980 1420 1021 incommoda
1436 1005 1450 1024 ‚
1480 992 1565 1030 quce
1593 984 1766 1021 humana
1795 993 1889 1030 pro-

576 1032 761 1072 videntia
777 1033 904 1073 arceri
919 1032 1055 1072 omnia
1072 1045 1327 1082 nequaquam
1342 1031 1495 1081 possunt
1512 1057 1525 1076 ‚

525 1093 732 1136 Caeterum
745 1097 982 1125 communes
1000 1088 1068 1123 has
1087 1086 1220 1124 causas
1236 1084 1313 1124 esse
1330 1115 1340 1124 .
1368 1084 1517 1124 Actum
1542 1085 1599 1123 ita
1626 1083 1701 1125 esse
1713 1084 1762 1124 de
1777 1085 1887 1126 nnti-

578 1141 715 1194 qnitus
734 1137 961 1176 constitutis
981 1137 1177 1185 parochiis
1194 1167 1202 1175 .
1234 1136 1342 1175 Tota
1359 1135 1425 1174 die
1451 1137 1748 1183 permittendas
1780 1137 1883 1175 divi-

575 1197 724 1233 fioncS.
752 1189 928 1228 cunnos
948 1189 1116 1236 populos
1135 1191 1233 1226 hanc
1254 1188 1508 1228 ambitiosam
1527 1189 1725 1236 pietatem
1744 1190 1880 1237 praesc-

576 1245 710 1285 ferre,
739 1249 783 1278 ut
800 1241 1006 1279 ecclefiam
1022 1249 1193 1286 matrem
1224 1241 1407 1280 deserant
1438 1268 1448 1279 .
1483 1240 1768 1288 Experimento
1799 1242 1881 1288 ipso

575 1300 659 1337 haec
675 1292 957 1340 comprobari,
988 1289 1078 1329 cum*
1094 1301 1156 1329 tot
1175 1293 1415 1330 divisionum
1437 1292 1660 1339 petitiones
1690 1293 1877 1342 quotidie

574 1346 782 1399 pullulent
797 1374 808 1384 .
838 1344 953 1382 Hanc
972 1343 1292 1387 :emulationeim
1313 1343 1579 1383 &licentiam
1596 1345 1883 1390 coercendam,

576 1413 627 1439 ne
655 1396 839 1442 crescat,
867 1405 989 1445 atque
1022 1395 1060 1434 in
1080 1395 1272 1434 invidiam
1293 1419 1305 1438 ‚
1340 1396 1376 1434 8<
1397 1396 1639 1442 populorum
1667 1405 1884 1434 mutuum„

573 1450 715 1492 odium
735 1474 746 1493 ‚
775 1461 822 1488 ac
850 1449 1003 1487 bellum
1021 1457 1179 1487 vertat.
1213 1447 1505 1496 Expet‘iandam
1525 1460 1626 1486 nunc
1659 1446 1735 1487 effe
1766 1448 1881 1487 ilhco

571 1503 746 1545 slmilem
775 1500 983 1549 querelam
1015 1526 1028 1545 ‚
1069 1500 1241 1539 similem
1274 1500 1521 1548 petitionem
1549 1500 1719 1538 alterius
1748 1500 1884 1548 oppidi

574 1554 817 1597 Vicimedii:
847 1563 991 1589 novam
1027 1562 1140 1590 certe
1167 1553 1284 1590 litem
1314 1563 1360 1588 ex
1387 1554 1461 1588 hac
1484 1551 1735 1590 conceffione
1752 1552 1886 1599 parari

571 1607 685 1655 inopi
712 1605 780 1645 sno
809 1605 1011 1652 parocho,
1041 1605 1108 1652 qui
1125 1604 1293 1651 vixfcut.
1312 1617 1394 1641 ann.
1417 1608 1476 1645 56.
1507 1615 1577 1649 pro
1594 1603 1786 1643 reditibus
1805 1606 1875 1643 ha-

572 1661 642 1699 bet
661 1686 672 1697 .
700 1655 882 1696 Tametsi
910 1659 1246 1703 novusparochus
1279 1671 1300 1697 a
1322 1656 1437 1694 novis
1455 1656 1706 1703 parochianis
1732 1657 1882 1694 susten-

572 1718 731 1751 taretur
751 1708 935 1756 integre,
972 1707 1159 1747 imminui
1190 1718 1328 1748 tamen
1356 1708 1441 1752 jura
1472 1707 1626 1745 veteris
1652 1708 1847 1755 parochiae
1866 1721 1881 1748 2·

571 1761 761 1804 imminui
792 1759 1070 1798 emolumenta
1102 1774 1115 1801 3
1143 1761 1316 1801 deficere
1350 1759 1441 1799 inde
1469 1770 1686 1809 congruam
1717 1760 1882 1809 parochi

581 1814 685 1855 nihil
700 1811 749 1851 de
767 1814 841 1850 hoc
856 1812 1092 1850 commeriti
1107 1843 1116 1851 .

521 1864 700 1912 Demum
715 1865 792 1904 fine
809 1863 1002 1901 div1fione
1018 1865 1213 1911 parochiae
1229 1888 1242 1905 ,
1268 1875 1313 1901 ac
1328 1861 1594 1905 deputatione
1612 1862 1757 1901 vicarii
1772 1860 1878 1910 poffe

570 1915 776 1968 provideri
792 1915 910 1953 aliter
928 1945 937 1954 .
970 1913 1078 1953 Posse
1097 1916 1266 1955 concedi
1281 1914 1525 1954 facultatem
1547 1916 1758 1962 capellano
1780 1940 1792 1958 ‚
1823 1913 1885 1952 uti

572 1969 749 2010 concessa
768 1969 819 2006 est
835 1993 847 2010 ‚
872 1966 1063 2007 audiendi
1081 1967 1390 2006 sacramentales
1412 1964 1677 2006 confessiones
1694 1995 1705 2006 ,
1735 1965 1874 2007 Posse„

571 2019 758 2071 permitti
778 2019 1053 2057 retentionem
1070 2020 1320 2058 sacrosam‘t.e
1342 2017 1587 2057 Eucharistiae
1602 2042 1616 2061 ‚
1650 2018 1715 2058 scd
1729 2030 1801 2065 pro
1817 2018 1877 2055 in-

570 2072 694 2112 firmis
713 2080 871 2110 tantum
886 2100 896 2109 .
925 2070 1040 2107 Nihil
1058 2069 1213 2110 necesse
1233 2071 1306 2110 elle
1326 2095 1340 2113 ‚
1360 2079 1404 2108 ut
1423 2079 1562 2109 vetera
1578 2094 1592 2112 ‚
1612 2082 1694 2120 qua:
1711 2077 1773 2108 tot
1793 2069 1881 2108 ela-

569 2126 642 2175 psis
657 2122 812 2162 saeculis
832 2123 1073 2169 placuerunt
1090 2149 1102 2167 ‚
1135 2133 1237 2161 nunc
1257 2122 1527 2162 immutentur
1543 2145 1557 2163 ‚
1579 2133 1681 2161 nunc
1700 2120 1847 2161 sursum
1867 2145 1881 2164 ,

570 2191 616 2219 ac
631 2175 817 2216 deorsum
833 2174 1051 2212 volvantur
1067 2175 1204 2213 omnia
1219 2204 1227 2214 .
1249 2174 1420 2225 Reliqua
1438 2185 1482 2213 ex
1499 2173 1672 2221 scriptis.

520 2229 646 2270 Certe
677 2230 735 2268 hae
761 2226 1012 2265 diversorum
1039 2227 1205 2266 uniones
1239 2227 1425 2265 locorum
1451 2226 1517 2263 sub
1549 2236 1623 2264 una
1654 2223 1841 2273 parochia
1861 2246 1876 2266 ,

566 2282 793 2331 plerunque
823 2278 870 2317 ab
888 2277 1010 2316 initio
1024 2287 1125 2330 ortae
1144 2280 1233 2318 sunt
1261 2290 1307 2317 ex
1337 2278 1488 2316 accolis
1507 2302 1519 2322 ‚
1551 2289 1621 2325 per
1636 2287 1751 2325 agros
1771 2284 1874 2313 intra

567 2331 765 2383 parochiae
782 2330 879 2368 fines
895 2329 1070 2377 dispersis
1087 2356 1099 2375 ,
1131 2331 1198 2381 qui
1218 2330 1287 2370 suo
1305 2333 1483 2377 parocho
1498 2331 1678 2374 suberant
1699 2352 1711 2371 ‚
1742 2328 1779 2365 ὅ(
1797 2327 1881 2375 priv

566 2397 681 2426 mum
702 2384 740 2421 in
758 2381 932 2421 familias
951 2406 964 2425 ,
995 2381 1141 2422 deinde
1162 2382 1201 2421 in
1218 2383 1385 2431 populos
1399 2409 1411 2428 ‚
1444 2382 1534 2420 inde
1556 2380 1592 2418 in
1613 2379 1883 2418 communita·

568 2445 634 2475 tes
675 2435 887 2475 hominum
932 2433 1105 2474 adoleve
1119 2444 1215 2473 runt
1244 2464 1254 2472 .
1305 2434 1393 2473 Aut
1431 2430 1586 2472 fortaffe
1625 2444 1671 2470 ex
1713 2443 1884 2479 pauper-

567 2496 655 2526 tate
684 2489 867 2527 locorum
886 2510 900 2530 ‚
930 2497 1027 2536 quos
1061 2486 1326 2526 necessarium
1359 2493 1446 2525 erat
1479 2508 1492 2527 ‚
1533 2492 1576 2521 ut
1606 2483 1882 2521 communiter

573 2540 686 2576 sunm
702 2539 987 2587 presbyterum
1014 2549 1140 2577 unum
1160 2539 1318 2577 alerent
1337 2566 1349 2576 .
1378 2537 1439 2574 De
1467 2534 1632 2584 reliquo
1647 2534 1874 2582 optandum

569 2586 666 2629 effet
687 2615 700 2633 ‚
728 2597 772 2629 ut
793 2589 1058 2639 unusquisque
1077 2592 1249 2638 populus
1266 2616 1281 2634 ,
1309 2587 1456 2626 nedum
1474 2598 1593 2624 unum
1616 2611 1628 2630 ‚
1644 2588 1708 2626 sed
1726 2587 1880 2634 plures,

571 2639 609 2679 ὅ(
629 2649 810 2678 moratos
828 2666 842 2687 ,
865 2643 902 2681 St
917 2639 1056 2679 doctos
1074 2643 1243 2680 haberet
1261 2642 1452 2689 parochos
1472 2663 1485 2682 ³
1517 2639 1554 2677 δε
1572 2638 1668 2678 dum
1695 2649 1879 2679 commo-

570 2689 625 2730 de
658 2690 736 2729 sme
754 2691 874 2732 ullius
903 2691 1118 2733 offensione
1147 2692 1235 2732 fieri
1262 2690 1413 2741 posset,
1438 2690 1653 2729 nitendum
1678 2689 1804 2733 esset,
1833 2693 1884 2777 1ξὲ

1841 2749 1854 2774 1
