1981 2964
160 179 368 216 ‹amrin-ium
384 178 613 229 perfugium
630 179 704 220 effe
721 177 978 228 prixilegium
996 176 1282 227 exemptionis.
1299 177 1481 221 Conten-

162 232 224 269 dit
242 242 286 270 ex
306 230 521 277 ipsalitera
536 231 741 282 privilegii
763 231 898 270 haberi
912 241 1013 270 onus
1029 231 1300 270 cathedratici
1321 231 1482 271 solven-

160 283 226 322 di.
258 282 302 321 In
319 292 543 324 coeterum
571 284 804 324 Clementis
824 282 900 324 XI.
927 292 1067 331 aperte
1091 283 1478 332 apponisupportatir

159 343 228 386 per
243 337 378 375 diflum
392 338 638 381 monasterium
656 363 667 382 ‚
675 338 742 386 seu
757 337 1056 384 confirvatoriltm
1072 337 1230 373 omnibus
1244 360 1257 378 ‚
1276 339 1318 380 ὠ·
1333 336 1476 385 quibusl-

158 401 308 438 curaque
341 390 598 436 benqfi'cioram
610 415 623 433 ‚
638 391 708 438 seu
740 389 1020 438 capellaniarum
1046 387 1250 442 hujusmodi
1277 390 1434 427 oneribus
1464 417 1476 427 .
1500 398 1503 399 ’

156 439 201 480 Ιι]
219 442 353 480 altero
369 440 577 481 Benedicti
597 441 715 482 XIII.
739 443 958 491 supportatis
971 452 1090 479 tamen
1101 451 1165 489 per
1179 440 1338 492 ejusdem
1350 454 1472 478 mona-

148 494 255 544 sterii
272 517 286 536 ‚
300 494 371 540 seu
386 494 647 543 conservatorii
658 493 928 542 superioriffam
942 517 955 536 ‚
987 497 1030 537 ᾤ’
1044 493 1176 531 oblatas
1205 506 1297 531 nuuc
1312 518 1324 537 ,
1354 497 1469 541 &pro

158 554 314 592 tempore
340 547 527 597 existentes
552 548 732 596 prediffis
749 547 905 583 omnibus
922 570 934 588 ‚
965 548 1007 588 (ἔγ
1022 545 1172 594 stragulis
1191 547 1277 583 dieii
1305 545 1470 590 beneficii

153 598 315 636 oneribus
332 627 342 636 .
374 599 490 637 Onus
505 596 776 636 cathedratici
792 595 996 636 beneficiis
1012 597 1198 636 omnibus
1226 597 1471 638 medullitus

152 650 346 689 inhaerere
365 675 378 696 ,
395 662 468 689 nec
487 649 684 698 praescribi
701 661 878 700 unquam
894 646 999 695 poffe
1018 677 1029 688 .

98 701 412 747 Exemptionem
428 709 567 741 autem
595 700 750 746 dejure
764 701 864 739 nihil
883 700 1074 748 proficere
1086 699 1335 739 monasteriis
1353 700 1470 747 super
1504 722 1507 734 1

148 752 265 792 novis
280 753 484 792 beneficiis
501 779 513 799 ,
532 767 616 804 quae
634 754 848 804 acquirunt
861 782 870 791 .
891 752 952 792 De
969 753 1029 792 his
1047 754 1180 793 multa
1195 753 1363 802 allegat,
1381 763 1470 802 quae

147 804 368 854 exscriptis
398 805 622 846 habentur.

95 856 194 897 Alia
210 868 258 895 ex
272 866 385 906 parte
403 857 631 907 capitulum
646 858 896 898 cathedralis
910 857 1086 897 ecclefiae
1103 883 1116 902 ,
1145 858 1251 897 intra
1269 857 1382 901 cujus
1399 866 1466 902 pa-

147 909 331 948 rochiam
353 908 508 959 degunt
539 913 765 951 conviffrices
780 935 794 954 ,
833 911 882 950 ad
898 910 972 948 ΙΙΙ.
1001 909 1168 949 dubium
1181 911 1241 948 ait
1259 935 1273 953 ‚
1298 907 1462 948 easdem

148 962 281 1001 teneri
300 974 320 1000 a
337 964 513 1010 parocho
529 964 779 1003 sacramenta
808 963 1016 1011 recipere,
1046 964 1151 1007 tum}
1168 973 1214 1000 ex
1228 959 1326 1007 juris
1347 969 1464 997 com-.-

143 1013 277 1053 muniS
305 1012 507 1054 sanctione
525 1041 538 1060 ‚
567 1014 616 1055 de
645 1028 722 1065 qua
747 1019 784 1053 in
801 1025 877 1065 cap.
895 1017 1003 1051 omnis
1035 1015 1209 1061 depoem't.
1227 1039 1239 1057 ‚
1270 1012 1461 1059 &remisn

146 1070 185 1104 in
200 1066 670 1117 Concilffridennsesnm.
688 1076 807 1117 cap.9.
823 1094 836 1112 ,
853 1077 941 1106 tum
958 1078 1002 1105 ex
1018 1065 1140 1105 litera
1158 1064 1298 1104 Brevis
1317 1064 1458 1103 sa.me.

141 1119 375 1158 Clementis
396 1117 530 1161 XI.‚in
549 1132 628 1171 quo
642 1119 814 1166 expreffa
830 1119 1012 1158 clausula
1030 1117 1188 1162 adjecta
1205 1116 1388 1165 estsalvis
1398 1113 1465 1167 ju·-

144 1172 242 1210 ribus
253 1171 544 1220 parochialibus,·
576 1180 665 1212 tum
681 1172 848 1211 demum
876 1183 922 1211 ex
954 1170 1126 1210 solemni
1160 1167 1465 1209 transactionz,

144 1224 221 1260 diei
241 1224 438 1273 2.Augufli
456 1228 567 1270 1718.
587 1250 600 1269 ‚
629 1237 705 1275 qua
724 1224 887 1272 pad'tum
901 1224 952 1262 est
966 1247 979 1266 ‚
1012 1225 1074 1260 che
1089 1224 1186 1261 dette
1202 1220 1346 1265 oblate,
1362 1222 1464 1269 eser·

142 1278 260 1314 vienn·
266 1276 366 1324 fiano
383 1276 558 1324 obbligate
571 1277 660 1315 nelli
668 1277 983 1326 giornisantiffimi
1001 1275 1177 1325 pasquali
1195 1276 1234 1311 di
1247 1274 1466 1324 prendere-..-

145 1327 180 1365 la
197 1330 400 1366 comunione
428 1328 522 1365 nella
540 1331 643 1365 detta
660 1330 777 1375 chiesa
792 1332 974 1374 maggiore
991 1327 1198 1372 parochiale
1215 1349 1229 1366 ‚
1257 1339 1276 1361 e
1301 1329 1469 1361 ricevere
1503 1370 1509 1373 ς

144 1380 210 1416 dal
225 1380 360 1426 Signor
374 1381 572 1425 Arciprete
587 1400 600 1420 ‚
628 1391 645 1414 o
660 1380 830 1425 deputato
844 1378 890 1412 da
905 1374 972 1423 effi>
997 1373 1146 1423 ilsolito
1164 1374 1348 1412 bollettino
1364 1375 1468 1413 della

136 1431 332 1479 santiffima
353 1432 557 1466 comunione
576 1458 587 1467 .

94 1480 164 1521 Ad
183 1482 262 1520 IV.
275 1480 641 1530 quoqueinnititur
657 1477 935 1522 transactioni,
952 1477 990 1514 in
1011 1477 1126 1521 cujus
1142 1477 1279 1524 capite
1294 1480 1471 1517 IVZcon-

150 1540 320 1572 ventum
341 1529 447 1569 fuit':
475 1531 539 1568 che
552 1530 657 1578 peril
667 1530 855 1566 tomhatico
871 1551 885 1572 ‚
913 1529 993 1578 osta
1014 1529 1142 1566 diritto
1171 1529 1401 1578 disepoltura
1426 1532 1469 1567 da·

146 1587 226 1632 ogni
242 1584 361 1621 oblata
375 1606 386 1626 ‚
405 1596 423 1620 e
430 1583 605 1631 fervente
617 1606 629 1625 ‚
647 1583 710 1618 che
726 1584 861 1619 ram-ira
883 1584 919 1617 in
936 1583 1034 1617 detto
1050 1580 1240 1630 monastero
1257 1606 1270 1626 ,
1286 1594 1304 1618 e
1307 1583 1398 1626 sard
1399 1581 1468 1629 se?

139 1634 272 1686 pellita
296 1637 334 1671 in
350 1635 451 1672 detta
470 1633 660 1681 sepoltura
687 1633 748 1670 del
773 1634 954 1680 medestmo
983 1633 1174 1681 monastero
1204 1656 1217 1676 ,
1255 1633 1368 1670 debhu
1394 1642 1467 1682 pa-

137 1689 233 1737 garfi
259 1701 280 1724 a
301 1688 398 1724 detto
421 1688 552 1733 Siguor
563 1685 765 1734 Arciprete
781 1707 793 1727 ,
825 1700 844 1722 e
872 1685 1030 1734 capitolo
1051 1685 1165 1732 giulii
1182 1688 1307 1735 cinque
1332 1709 1345 1728 ‚
1366 1685 1458 1733 fin-

146 1752 195 1784 ζα
222 1738 312 1777 altro
342 1741 516 1786 aggravio
544 1740 584 1774 di
617 1751 697 1775 cera
725 1763 739 1782 ,
766 1751 783 1773 o
808 1738 850 1773 di
876 1737 964 1774 altri
991 1736 1217 1774 emolumenti
1246 1765 1256 1775 .
1296 1735 1462 1777 Adver-

147 1793 204 1831 tit
223 1793 297 1830 hoc
330 1791 441 1830 idern
471 1789 632 1837 pastum
658 1788 882 1828 convenire
910 1789 1010 1834 juris
1038 1789 1211 1827 censurae
1229 1813 1243 1833 ,
1273 1787 1324 1827 de
1355 1799 1466 1838 qua..›
1502 1833 1503 1837 Ἰ

137 1845 180 1881 e'n
194 1853 315 1893 cap.1.
333 1852 409 1891 cap.
431 1842 587 1881 relatum
612 1855 647 1881 2.
676 1849 754 1891 cap.
772 1841 967 1887 certificari
989 1854 1028 1888 9.
1054 1842 1099 1878 de
1119 1840 1252 1889 sepult.
1298 1839 1464 1888 Addit,
1499 1841 1503 1843 ’

140 1897 263 1946 usque
278 1895 329 1934 ad
349 1895 751 1945 hodierna-tempora
772 1892 813 1932 id
832 1893 986 1944 semper
1002 1891 1240 1933 adamuffim
1257 1891 1466 1934 servatum

138 1947 253 1989 fuisse
271 1977 281 1988 .

87 1996 155 2044 'Ad
172 2003 221 2040 V.
251 2000 412 2040 rescribi
429 2002 601 2049 postulat
619 2002 669 2039 ad
676 2001 832 2049 formam
849 2000 1096 2050 transaft'iom‘s
1113 2028 1123 2040 .
1153 1995 1338 2046 Expreffe
1361 2009 1455 2038 eon·

139 2061 309 2094 ventum
326 2053 459 2105 inquit
489 2054 528 2092 in
543 2055 652 2094 dista
673 2054 944 2094 transactione
961 2076 975 2096 ‚
1009 2051 1116 2102 quod
1139 2061 1207 2101 per
1222 2050 1258 2086 Ia
1277 2051 1458 2088 decima.»

135 2107 275 2146 dovuta
289 2119 310 2142 a
320 2106 424 2143 detta
437 2107 555 2155 chiesa
569 2109 610 2144 di
622 2108 742 2145 Sama
755 2109 882 2145 Maria
900 2106 956 2154 sta
987 2104 1017 2140 il
1030 2105 1127 2141 detto
1153 2104 1247 2140 Ven.
1265 2102 1460 2150 monastero

138 2159 315 2208 obbligato
329 2170 350 2194 a
358 2167 491 2207 pagare
506 2164 584 2207 ogni
598 2173 689 2197 anno
703 2157 770 2196 alli
786 2161 880 2196 detti
897 2156 1041 2205 Signori
1058 2154 1260 2204 Arciprete
1273 2178 1286 2198 ‚
1303 2166 1322 2191 e
1338 2154 1456 2192 Cana-

136 2214 211 2250 nici
224 2225 296 2249 una
314 2210 442 2247 tinella
455 2212 618 2258 digram
635 2211 765 2259 all'ufi)
794 2213 834 2248 di
848 2209 963 2261 questa
979 2209 1069 2245 cetto
1083 2232 1096 2250 ‚
1122 2208 1185 2244 che
1213 2210 1232 2244 ὲ
1257 2219 1307 2243 un
1323 2215 1453 2255 quarta

136 2264 313 2301 dirubbio
328 2264 509 2300 Romano:
540 2263 723 2314 itemque
741 2285 754 2305 9
784 2265 846 2301 che
869 2261 899 2298 il
905 2264 1029 2309 giorno
1050 2258 1202 2307 glorioso
1229 2257 1327 2295 della
1356 2257 1450 2295 Ma-

137 2316 254 2353 donna
274 2316 474 2363 Santiffima
490 2313 831 2357 dell’Annurzziata
844 2313 947 2352 titolo
961 2313 1000 2349 di
1014 2311 1116 2349 detta
1132 2309 1253 2358 chiesa
1265 2312 1450 2358 maggiore
1493 2327 1497 2358 ς

131 2367 228 2417 ,liano
243 2368 419 2416 obbligate
434 2367 468 2404 le
482 2367 585 2405 dette
602 2366 717 2403 oblate
732 2367 773 2401 di
787 2368 875 2403 dare
892 2365 930 2401 al
943 2365 1041 2401 detto
1055 2362 1355 2408 Reverendiffimo
1375 2362 1447 2397 Ca·

139 2419 250 2468 pitulo
266 2433 335 2457 una
350 2417 448 2456 libra
460 2419 502 2455 di
521 2432 601 2456 cera
612 2420 652 2455 in
662 2424 830 2466 perpetuo
847 2440 860 2460 ‚
886 2429 906 2453 e
920 2417 974 2452 cio
984 2416 1025 2450 in
1041 2414 1284 2463 ricognizione
1296 2411 1358 2449 del
1370 2412 1451 2449 det-³
1493 2432 1498 2465 Ξ

139 2474 265 2518 »agius
278 2471 484 2520 parochiale
499 2495 514 2517 ‚
543 2484 562 2510 e
575 2472 614 2507 di
630 2467 780 2521 qualche
794 2466 924 2507 abilita
947 2468 986 2503 in
999 2465 1126 2515 questa,'
1143 2465 1330 2503 concordia
1345 2462 1453 2510 satta

143 2522 181 2559 al
196 2525 403 2570 monastero.
1345 2550 1347 2554 .

88 2574 201 2621 Hinc
218 2583 300 2612 tam
319 2575 560 2617 solemnibus
577 2574 703 2626 pastis
724 2574 763 2614 in
779 2571 1020 2612 fundatione
1035 2567 1150 2610 initis
1163 2593 1178 2615 ‚
1205 2579 1448 2619 quamcum-

139 2638 217 2677 que
232 2628 532 2675 exemptionem
552 2629 654 2669 licet
681 2624 857 2676 expreffe
887 2623 1040 2665 eisdem
1057 2621 1294 2679 {concessam
1312 2646 1326 2667 ‚
1355 2622 1448 2663 ine·
1488 2665 1491 2669 ,

137 2688 253 2732 ptam
272 2679 427 2727 prorsus
439 2679 516 2722 esse
532 2681 583 2723 ad
599 2681 716 2735 pasta
729 2681 770 2722 in
785 2676 1028 2720 fundatione
1043 2675 1204 2725 adiecta,
1219 2674 1448 2716 :tutanda-s

193 2732 291 2773 Tm.
308 2732 497 2775 XXXIV.
914 2728 934 2770 l
1358 2729 1448 2767 Rota
