2035 2969
560 183 584 205 0

531 182 665 259 {utera
694 218 903 264 Smer-agna
923 214 1186 262 Chiapnolini
1206 238 1218 258 ‚
1252 225 1338 264 quae
1367 223 1492 263 prope
1518 211 1628 253 diem
1645 212 1866 255 nubenda-3*
1912 214 1916 215 ⁷

532 274 598 311 cst.
620 271 654 309 H
666 269 838 311 aec,vivo
854 268 984 306 adhuc
998 265 1221 304 Alexandro
1237 276 1398 314 patruo,
1417 266 1660 315 petierat‚ut
1675 270 1755 313 post
1773 270 1862 314 ejus

536 332 716 362 mortem
731 319 795 358 fibi
818 319 1065 358 ususfrut‘tus
1081 321 1276 357 bonorum
1293 319 1608 363 concederetur,
1624 319 1694 368 qui
1709 321 1758 357 ad
1775 322 1862 359 scu-

535 385 578 414 ta
595 387 686 412 ann.
704 373 854 420 40.est,·
872 372 937 410 sed
956 372 1238 419 persummaria
1254 383 1394 419 preces
1416 372 1622 420 propositae
1636 372 1696 408 die
1715 373 1865 423 28.Ja-

535 429 660 464 nu'arii
678 429 791 472 1764.
808 425 855 462 ab
871 425 946 462 hac
963 423 1254 473 Sac.Congreg.
1270 425 1431 470 rejectae
1447 424 1550 464 sunt.

485 480 565 521 Eas
596 490 700 517 nunc
727 484 897 515 renovat
925 501 939 520 ‚
967 475 1016 514 de
1045 476 1185 525 hisque
1211 489 1315 515 nunc
1346 477 1482 516 denuo
1510 476 1644 526 agitur
1678 506 1688 515 .
1721 475 1866 527 Inquie

534 531 736 578 Smeragda
762 551 776 571 ‚
799 530 1034 585 testatorem
1051 526 1345 568 usumfructum
1361 531 1468 568 hunc
1483 527 1730 569 destinaviffe
1748 528 1863 576 puel-

537 584 591 622 lis
608 582 809 621 nobilibus
836 580 1022 620 civitatis
1041 605 1053 624 ‚
1081 594 1167 632 quae
1198 583 1273 620 hac
1292 594 1368 631 ope
1396 582 1650 632 indigerent:
1680 581 1718 620 se
1749 581 1868 629 puel-

534 637 621 674 lam
641 634 820 673 nobilem
840 659 853 679 ‚
867 633 903 672 8<
918 633 1085 673 decenti
1099 634 1364 674 matrimonio
1378 635 1683 674 collocandams
1698 634 1737 672 Sc
1754 630 1872 683 quod>

534 689 628 737 plus
648 688 717 731 est,
730 686 932 725 testatoris
950 698 997 724 ex
1013 685 1142 725 fratre
1160 696 1402 736 proneptem
1417 701 1430 728 ,-
1447 687 1623 737 ideoque
1641 685 1870 725 secundum

534 750 701 777 omnem
727 739 1010 787 praesumptam
1038 737 1221 777 defuncti
1250 741 1508 779 voluntatem
1525 766 1538 785 ,
1566 752 1614 778 ac
1641 737 1868 777 secundum

535 803 702 829 omnem
724 791 907 840 regulam
921 791 1022 835 juris
1040 790 1332 838 praeferendam
1351 792 1438 831 Rot.
1456 790 1719 831 cor.Falcoascr.
1734 791 1779 826 de
1791 787 1867 825 ali-

536 843 909 891 ment.decis.8.n.24.
928 854 938 880 ε
958 843 1176 890 praesertim
1193 844 1288 883 dum
1305 845 1512 890 conjunffl
1530 843 1748 882 nobilitate
1764 852 1864 889 prae·-

536 894 697 942 fulgent
732 895 928 944 Tiraquell.
944 897 989 932 de
1004 896 1140 935 nobilit.
1154 906 1396 947 cap.2o.num.
1407 897 1681 947 143.,Surd.de
1696 895 1862 934 aliment.

538 951 620 988 tit.3
631 947 936 996 .quaest.28.num.
948 960 960 984 1
973 958 1005 990 ς.

483 1001 648 1041 Paratas
668 999 705 1035 se
722 1000 869 1037 habere
884 1025 895 1043 ‚
925 999 963 1038 &
980 999 1147 1050 quidem
1165 1000 1363 1041 decentes
1393 998 1556 1048 nuptias
1571 1023 1586 1043 ,
1615 997 1642 1035 fi
1658 994 1770 1043 inopi
1789 994 1866 1033 do..

535 1052 568 1090 ti
586 1075 598 1095 ‚
629 1061 746 1099 quam
767 1051 902 1095 habet,
919 1052 994 1089 hoc
1008 1051 1334 1092 additamentum
1357 1053 1555 1097 largiatur
1570 1079 1581 1087 .
1610 1045 1865 1093 Adjuvasst,

535 1105 582 1142 ab
598 1102 716 1140 initio
736 1102 819 1140 suas
836 1111 974 1148 preces
992 1097 1234 1146 Episcopum
1252 1126 1262 1136 .
1282 1097 1428 1136 Denuo
1442 1099 1636 1138 affensum
1654 1098 1870 1148 praebuiffei

529 1154 773 1195 sodalitium
807 1150 1021 1191 charitatis
1050 1179 1059 1188 .
1090 1150 1371 1198 Magistratum
1385 1173 1399 1194 ‚
1428 1150 1496 1200 qui
1510 1151 1610 1196 jussu
1646 1152 1734 1190 Sac.
1759 1151 1868 1189 Con-

533 1206 785 1256 gregationis
815 1205 862 1242 ad
880 1203 1039 1242 causam
1056 1210 1226 1240 vocatus
1261 1203 1312 1241 est
1328 1227 1341 1246 ‚
1376 1203 1616 1253 aeqnitatem
1644 1202 1864 1251 petitionis

531 1255 686 1298 novisse
703 1282 716 1301 ‚
744 1267 869 1307 atque
884 1267 973 1295 eam
991 1254 1061 1292 suo
1077 1254 1267 1293 consensu
1299 1266 1404 1293 nunc
1422 1253 1715 1304 comprobasse.
1750 1254 1863 1293 Pene

533 1311 705 1355 impium
729 1307 804 1349 eise
822 1334 835 1353 ‚
862 1318 906 1346 ut
923 1307 1039 1347 unica
1069 1317 1116 1345 ex
1134 1305 1289 1345 familia
1315 1306 1501 1351 privetur
1517 1331 1531 1349 ‚
1564 1309 1711 1346 saltem
1730 1306 1867 1345 donec

533 1364 665 1404 vivat,
683 1360 876 1397 fluetibus
893 1362 1105 1399 bonorum,
1125 1368 1222 1404 quos
1239 1364 1406 1402 patruus
1420 1368 1588 1403 magnus
1616 1358 1866 1407 pauperibus

537 1413 739 1451 nobilibus
755 1410 839 1448 dari
857 1407 1077 1454 imperavit
1095 1435 1105 1444 .

482 1466 707 1513 Episcopus
728 1474 748 1498 ει
763 1461 829 1497 die
845 1474 883 1506 9.
900 1461 1112 1495 Decembris
1136 1461 1246 1503 1763.
1271 1458 1322 1497 de
1337 1459 1544 1506 petitione
1560 1460 1776 1508 Smeragdae
1800 1471 1863 1497 re·-

535 1518 637 1556 tulit
654 1541 666 1556 ‚
702 1510 887 1559 dixitque
918 1521 928 1546 t
958 1511 1030 1546 haec
1054 1509 1154 1557 istius
1182 1512 1341 1547 civitatis
1370 1510 1495 1547 nobilis
1506 1509 1629 1558 puella
1646 1512 1693 1558 est
1707 1535 1721 1553 ‚
1752 1513 1863 1547 hone-

528 1567 665 1618 stisque
694 1564 848 1600 moribus
860 1562 1014 1611 praedita
1028 1586 1040 1605 ,
1064 1570 1201 1609 pauper
1213 1572 1331 1599 tamen
1345 1562 1563 1609 insuostatu
1583 1586 1595 1606 ,
1621 1562 1787 1610 pluribus
1817 1562 1866 1599 ab

535 1623 619 1658 hinc
637 1619 736 1654 annis
752 1617 874 1652 orbata
885 1623 988 1663 patre
1004 1638 1016 1658 ‚
1035 1615 1076 1655 &⁵
1092 1626 1137 1650 ex
1145 1612 1267 1659 fratre
1288 1616 1467 1663 proneptis
1484 1611 1643 1663 ejusdem
1657 1615 1838 1661 testatoris
1850 1620 1869 1648 f

535 1686 581 1710 ea
601 1673 724 1720 quippe
739 1668 786 1716 est
789 1668 878 1713 filia
896 1667 1024 1716 quand.
1050 1666 1179 1702 nobilis
1210 1670 1315 1714 capit.
1346 1666 1533 1712 Francisci
1560 1665 1764 1714 Malatestae
1782 1664 1870 1710 filii

538 1721 759 1765 Alexandri
776 1720 910 1766 fratris
937 1718 1099 1767 praediffi
1117 1719 1222 1755 Petri
1252 1719 1437 1756 Dominici
1456 1718 1681 1765 Chiappolini
1700 1747 1709 1754 .
1742 1718 1865 1755 Cum-0

537 1785 662 1815 autem
672 1772 839 1821 praefatus
869 1774 974 1819 capit.
988 1768 1021 1805 F
1023 1769 1199 1818 ranciscus
1217 1770 1413 1817 Malatesta
1426 1795 1438 1813 ,
1467 1768 1565 1805 nullo
1583 1769 1704 1806 relicto
1717 1768 1864 1816 mascu-

537 1828 572 1866 lo
589 1852 601 1869 ,
629 1828 718 1862 duas
733 1835 873 1862 tanturn
889 1823 982 1871 dese
995 1823 1185 1872 reliquerit
1190 1821 1296 1867 filias
1312 1847 1323 1866 ,
1351 1834 1504 1871 quarum
1519 1834 1591 1858 una
1617 1822 1742 1858 habita
1756 1843 1769 1863 ,
1797 1821 1864 1856 de-

536 1879 686 1928 lataque
701 1881 738 1913 in
751 1879 865 1914 dotem
877 1879 1033 1923 portione
1055 1875 1221 1911 bonorum
1237 1899 1250 1918 ‚
1279 1887 1354 1922 quae
1385 1874 1447 1922 ipsi
1473 1875 1599 1921 obtigit
1614 1899 1625 1918 ‚
1644 1870 1726 1925 jara
1753 1880 1865 1919 nupta

535 1933 584 1982 est
595 1946 607 1971 ‚·
637 1933 716 1968 hinc
733 1942 777 1967 ex
789 1927 940 1976 familia
971 1931 984 1972 (
1003 1936 1145 1975 excepto
1158 1939 1224 1962 uno
1241 1929 1320 1963 viro
1337 1926 1496 1974 regulari
1523 1924 1600 1977 jam
1616 1926 1861 1974 septuagena-

535 1988 591 2023 rio
615 1980 749 2034 majore
760 2007 772 2026 ,
802 1984 864 2031 qui
878 1981 1008 2016 debitis
1022 1980 1134 2015 modis
1148 2002 1161 2022 ‚
1193 1978 1483 2025 &facultatibus
1512 1991 1608 2016 nunc
1616 1979 1769 2027 percipit
1797 1977 1859 2012 hot

529 2037 672 2085 sruffus
687 2039 701 2079 )
727 2043 936 2071 remanente
961 2042 1103 2068 tantum
1131 2032 1176 2068 de
1191 2031 1414 2078 hacsamilia
1428 2056 1441 2076 ,
1470 2033 1513 2074 «ἐφ’
1517 2031 1629 2080 stirpe
1641 2030 1706 2080 ista
1718 2027 1860 2075 puella,

524 2089 580 2139 fit
593 2098 634 2125 ut
647 2090 732 2124 bona
748 2089 863 2122 omnia
878 2110 890 2129 ,
921 2097 996 2135 quae
1017 2093 1080 2132 pro
1086 2083 1157 2131 sua
1170 2087 1330 2133 portione
1343 2108 1356 2127 ‚
1385 2087 1427 2126 &⁶
1457 2084 1538 2120 dote
1567 2084 1760 2120 obveniunt
1787 2081 1820 2116 ei
1842 2103 1861 2123 ,

538 2144 640 2178 unice
655 2139 849 2186 ascendant
875 2139 915 2173 in
944 2136 1153 2186 capitalibus
1182 2137 1231 2172 ad
1241 2135 1340 2172 mille
1342 2134 1454 2183 scuta
1483 2145 1626 2172 monetae
1650 2133 1818 2170 Romame
1845 2154 1861 2175 ‚

535 2206 612 2241 quae
627 2193 778 2229 reddere
805 2200 847 2238 po
881 2199 944 2226 unt
965 2201 1094 2226 annuos
1117 2187 1362 2234 ftufiusscut.
1380 2200 1451 2235 40.
1468 2188 1614 2224 circiter
1629 2212 1641 2231 ‚
1662 2187 1772 2234 ficati
1795 2193 1860 2231 per

535 2248 674 2295 peritos¹
686 2244 942 2291 deprehensum
952 2241 1031 2287 fuit
1047 2269 1057 2280 .
1087 2241 1214 2290 Qre
1232 2239 1398 2293 cumjam
1426 2238 1862 2287 vigestmumsecundum

529 2296 609 2347 fiiae
624 2297 738 2334 aetetis
752 2307 883 2332 annum
893 2294 1014 2343 puella
1032 2294 1185 2331 excedat
1201 2317 1216 2337 ‚
1248 2295 1290 2335 (ς’
1301 2293 1400 2329 modo
1412 2294 1511 2340 paris
1529 2292 1739 2329 conditionis
1755 2301 1788 2326 et
1805 2301 1865 2324 oc-

528 2352 663 2387 vcurrat
678 2349 804 2397 occasto
819 2347 976 2384 nubendi
991 2371 1004 2391 ,
1027 2347 1219 2384 decernant
1234 2347 1309 2383 EE.
1329 2345 1409 2384 PP.
1418 2353 1481 2393 pro
1495 2356 1612 2381 eoram
1623 2345 1859 2389 benignitate,

538 2402 770 2448 &sapientia
801 2414 844 2437 an
868 2402 1033 2438 oratricis
1051 2402 1142 2437 votis
1152 2399 1202 2448 fit
1215 2398 1443 2435 annuendum
1473 2398 1522 2432 ad
1528 2396 1683 2442 sormam
1695 2403 1860 2442 precum,

540 2463 626 2500 quas
645 2455 808 2489 exhibuit
825 2454 1034 2500 Sanfiiffirno
1051 2452 1176 2495 Patri,
1194 2453 1236 2495 (ς’
1248 2452 1296 2487 ad
1306 2450 1460 2497 fhrmam
1475 2450 1714 2486 conditionum
1729 2471 1742 2491 ,
1772 2458 1860 2494 quas

542 2506 687 2549 exigant
698 2505 835 2550 fratres
842 2505 1031 2553 societatis
1049 2506 1093 2542 de
1114 2506 1301 2542 Charitate
1315 2530 1325 2540 .

492 2552 660 2595 Sodales
697 2556 893 2594 charitatis
924 2558 990 2596 die
1025 2570 1082 2594 12.
1114 2555 1337 2594 Novembris
1371 2556 1483 2599 1763.
1511 2551 1790 2591 consenserant
1819 2550 1861 2585 di

545 2607 711 2643 unanime
719 2615 846 2652 parere
859 2611 898 2644 di
914 2610 1107 2646 accordare
1133 2607 1206 2643 alla
1233 2607 1388 2653 Signora
1417 2605 1611 2642 Smeralda
1637 2602 1860 2651 Chiappolint

533 2654 735 2705 solamente
755 2659 824 2705 sua
841 2663 918 2697 vita
934 2660 1100 2698 naturale
1114 2660 1296 2700 durante,
1325 2671 1343 2694 e
1367 2670 1432 2693 non
1463 2656 1660 2694 altrimenti
1693 2659 1767 2699 &a
1793 2662 1858 2701 pro

543 2709 614 2752 bac
630 2711 710 2748 vice
724 2718 862 2749 tamum
879 2735 893 2756 .
921 2727 941 2752 e
952 2715 1082 2764 perche·
1093 2725 1161 2752 non
1168 2712 1324 2761 paffiper
1339 2708 1485 2759 esempio
1511 2712 1551 2748 in
1564 2709 1657 2748 altre
1678 2706 1857 2790 persblaeh'

1795 2768 1812 2793 c
1839 2767 1857 2791 e
