2035 2969
541 161 619 198 1²²3·
1012 161 1047 194 3.
1067 147 1235 201 Augusti
1254 151 1372 197 1765.·
1424 159 1426 161 ’

534 210 580 246 do
597 222 610 247 ,·
641 220 658 244 e
665 204 709 254 se
714 202 908 253 sodisfiztti
938 204 947 227 Γ
959 203 1053 240 detti
1065 202 1137 250 pest
1154 226 1168 245 ‚,
1196 217 1215 239 e
1229 201 1488 250 dedottiscudi
1507 213 1594 244 300.
1615 213 1681 254 per
1694 204 1725 243 il
1729 201 1866 253 sosten-

533 268 691 299 tamento
728 257 790 292 del
818 256 1044 304 seminario,
1072 258 1113 290 vi
1148 253 1280 304 restem*
1302 255 1425 292 alcun'
1448 267 1621 298 avanzo,
1655 257 1872 308 fiyapplichi

533 311 610 350 alla
639 308 817 358 sagrtstia
844 331 858 353 ,
903 319 922 344 o
965 308 1015 344 ad
1030 322 1046 331 >·
1062 305 1157 344 altro
1198 305 1259 355 uso
1288 309 1348 356 pio
1382 331 1395 352 ‚
1438 308 1488 344 ad
1514 309 1666 346 arbitrio
1703 311 1764 347 del
1791 310 1837 347 V
1832 322 1872 348 e-

522 363 634 413 scovo
667 389 678 401 0
965 367 968 369 ’
1092 381 1093 385 ’
1422 368 1426 388 -'

490 412 738 464 Capitulum
757 411 882 452 modo
900 410 1076 457 postulat
1092 434 1105 454 ‚
1124 417 1169 449 ut
1185 409 1361 454 reditus,
1379 411 1446 461 qui
1462 411 1869 461 supersunt‚pr1mum

525 465 698 507 sacrario
726 465 804 505 suae
821 464 996 502 ecclefiae
1032 463 1184 502 dentur
1208 474 1280 512 pro
1295 463 1547 504 instauranda
1562 488 1577 509 ‚
1608 465 1671 503 uti
1700 465 1822 504 decet
1851 489 1865 508 ,

523 519 636 560 sacra
652 515 937 566 supellectili,
958 527 1036 566 qua
1054 516 1315 564 summopere
1352 515 1511 567 indiget
1527 546 1539 557 .
1569 517 1671 556 Haec
1688 517 1760 556 suo
1775 517 1868 554 loco

529 569 705 610 dicenda
724 569 792 609 hic
809 576 928 607 erant
944 567 1147 624 ..Caetera
1167 594 1181 614 ,
1211 581 1297 619 quae
1318 568 1374 607 *ad
1405 569 1493 608 suas
1520 569 1709 620 querelas
1740 568 1869 617 perti-

538 631 639 664 nent
658 647 672 668 ,
690 622 728 661 in
755 620 919 669 scriptis
940 620 1283 660 c1rcumferendis
1300 620 1476 660 videnda
1493 623 1585 661 sunt
1601 651 1611 662 .

484 671 705 716 Sciendum
723 683 862 714 tamen
880 673 934 711 est
958 673 1203 723 Episcopum
1224 676 1300 712 {uae
1316 673 1485 712 relationi
1511 675 1634 713 status
1663 672 1840 714 ecclefiae
1853 691 1868 715 ‚

530 729 739 768 occasione
756 724 1003 766 vifitationis
1020 726 1225 765 sacrorum
1245 725 1436 766 liminum
1470 740 1562 765 anno
1585 729 1699 774 1762.
1716 749 1731 769 ‚
1759 722 1873 764 addi-

536 778 636 820 diffe
660 780 879 830 postulatum
908 777 959 816 de
979 777 1040 817 his
1072 777 1273 817 reditibus
1292 778 1530 824 seminarii,
1550 792 1637 829 quae
1654 779 1764 817 ultra
1781 777 1874 815 scu-

533 841 577 872 ta
594 840 834 872 tercentum
865 830 1070 869 abundant
1089 855 1102 876 ‚
1127 843 1171 870 ac
1189 831 1422 879 responsum
1440 831 1616 871 habuisse
1635 842 1645 869 :
1677 831 1727 867 ad
1740 829 1869 876 mpo-

527 886 706 934 stulatum
723 910 735 930 ‚
751 885 798 921 de
813 896 851 920 eo
865 905 878 925 ,
902 883 996 931 quod
1002 883 1169 933 superest
1198 896 1243 921 ex
1257 884 1434 922 reditibus
1443 884 1639 933 seminarii
1656 882 1834 930 Vadenfis
1855 904 1871 924 ‚

532 937 631 975 illud
646 938 700 985 fic
716 937 907 985 dispartiri
925 932 1036 986 jubet
1063 937 1183 973 Sacra
1211 937 1284 973 haec
1317 937 1579 986 Congregati0‚
1611 946 1651 976 ut
1681 931 1866 986 quidquid

528 989 698 1039 superest
712 1001 757 1025 ex
775 986 951 1025 reditibus
974 1011 988 1031 ,
1018 991 1081 1037 qui
1092 989 1476 1037 proveniantexscut.
1495 1000 1584 1032 300.
1601 990 1650 1026 ad
1656 987 1867 1037 sustentan-

535 1042 598 1079 dos
615 1039 774 1078 alumnos
787 1039 970 1086 destinatis
986 1063 998 1082 ‚
1026 1041 1067 1077 id
1080 1053 1177 1077 omne
1193 1038 1375 1088 accrescat
1407 1042 1523 1078 eidem
1540 1042 1695 1090 summae
1724 1050 1869 1077 tercen-

536 1103 615 1132 tum
619 1093 808 1141 scutorum
826 1116 836 1136 ‚
851 1101 892 1128 ut
907 1092 1018 1129 antiis
1035 1094 1215 1130 reditibus
1232 1105 1398 1130 numerus
1418 1095 1530 1131 etiam
1546 1093 1774 1130 alumnorum
1784 1088 1864 1138 pos-

527 1147 580 1197 fit
594 1148 744 1193 augeri.
776 1142 976 1192 Reliquum
994 1157 1079 1182 vero
1088 1148 1251 1193 pecunie-³
1267 1169 1280 1188 ,
1308 1157 1384 1194 quae
1410 1144 1568 1182 aliunde
1595 1156 1702 1194 quam
1719 1143 1763 1179 ab
1786 1138 1867 1177 illis

535 1210 630 1241 300.
638 1197 757 1245 scutis
772 1198 984 1244 provenerit
999 1220 1012 1240 ,
1037 1205 1136 1245 potes
1167 1198 1311 1246 quidem
1340 1199 1379 1232 in
1393 1198 1672 1237 reconcinandas
1685 1195 1865 1244 episcopa-

533 1250 584 1288 les
604 1251 694 1287 aedes
712 1272 725 1292 ‚
741 1257 783 1285 ut
795 1248 880 1284 bene
895 1247 1125 1290 habitentur,
1144 1258 1211 1285 aut
1226 1248 1376 1297 ecclefiae
1392 1249 1610 1287 cathedralis
1616 1248 1769 1297 sacram
1771 1245 1866 1294 sup-

531 1300 750 1352 pelleflilem
761 1299 1012 1348 instruendam
1026 1301 1286 1348 insumeretcur
1299 1311 1419 1337 autem
1426 1302 1480 1351 fic
1493 1302 1763 1348 Eminentiffimi
1781 1296 1867 1336 PP.

536 1353 761 1400 censuerint,
779 1363 825 1387 ex
839 1350 917 1398 ipsa
934 1351 1248 1390 Cardssarherini
1266 1353 1406 1402 epistola
1423 1355 1515 1391 ratio
1531 1355 1600 1390 tibi
1620 1354 1779 1401 petenda
1795 1349 1842 1398 est
1856 1373 1873 1394 ,

536 1410 576 1445 in
593 1417 663 1454 qua
683 1416 771 1444 300.
785 1401 899 1449 scuta
914 1400 1052 1441 alendis
1078 1406 1117 1440 in
1123 1403 1321 1451 seminario
1347 1405 1501 1444 alumnis
1516 1405 1679 1444 dilucide
1695 1403 1873 1452 destinata

538 1456 609 1506 effe
624 1455 867 1492 declarantur
878 1481 888 1490 .

484 1509 630 1561 lnquit
649 1507 779 1556 igitur
801 1503 923 1557 modo
939 1504 1170 1552 capitulum
1189 1529 1203 1550 ‚
1233 1505 1352 1545 illam
1370 1509 1546 1556 primam
1571 1506 1876 1547 conceffionem

547 1563 747 1601 bonorum
764 1556 832 1594 fibi
849 1554 998 1593 tactam
1026 1567 1119 1593 cum
1134 1568 1259 1595 onere
1292 1560 1488 1607 ecclefiam,
1505 1561 1660 1604 &illius
1670 1561 1875 1607 fabricam,

539 1609 797 1661 acsacristiam
813 1609 1084 1651 manutenendi,
1102 1610 1145 1651 &'
1162 1610 1266 1646 rebus
1283 1612 1485 1659 neceffarzis
1500 1613 1704 1662 instruendi
1722 1640 1731 1649 .
1752 1610 1875 1647 Suam

542 1663 761 1705 ceffionem
778 1660 975 1697 bonorum
994 1661 1258 1707 approbatam
1275 1660 1389 1702 fuiffe
1406 1675 1426 1701 a
1442 1662 1640 1702 Pontifice
1653 1661 1876 1701 clariffima

539 1718 635 1767 lege
653 1739 666 1759 ,
697 1714 762 1751 che
763 1711 811 1758 se
837 1713 876 1748 vi
892 1710 1026 1760 resterci
1052 1711 1325 1758 alcun'avanzo
1348 1716 1382 1766 fi
1394 1713 1551 1766 applichi
1563 1714 1836 1765 allasagrestia,
1852 1725 1872 1750 ο

542 1771 592 1807 ad
603 1765 701 1806 altro
716 1766 780 1813 uso
785 1766 848 1812 pio
864 1764 913 1799 ad
928 1762 1081 1819 arbitrio
1095 1765 1156 1804 del
1169 1767 1216 1805 V
1210 1765 1331 1814 escovo
1345 1796 1355 1806 .

496 1821 612 1865 Hinc
649 1815 1029 1872 primum—sacrario
1074 1815 1390 1859 succurrendum
1404 1843 1419 1865 ,
1446 1820 1514 1859 cui
1545 1819 1714 1859 videtur
1745 1825 1873 1860 antea

544 1871 689 1913 omnia
724 1867 966 1908 Pontificem
997 1868 1214 1917 providisse
1243 1900 1253 1909 .
1300 1871 1364 1912 Ita
1394 1874 1521 1912 etiam
1559 1873 1608 1912 de
1633 1874 1722 1918 jure
1753 1869 1830 1910 effe
1857 1895 1873 1916 ‚

545 1935 642 1967 eum
675 1922 792 1962 sacra
820 1919 1001 1979 supellex
1028 1931 1099 1968 pro
1129 1922 1259 1961 divini
1287 1925 1424 1964 cultus
1461 1926 1609 1965 decore
1623 1949 1635 1967 ‚
1666 1925 1703 1963 ἃ
1730 1923 1867 1961 multo

541 1977 670 2028 magis
688 1987 760 2032 pro
773 1973 1011 2030 necestitate
1028 1996 1040 2016 ‚
1065 1974 1204 2029 potior
1224 1976 1543 2028 quibuscumque
1563 1977 1656 2017 aliis
1684 1974 1867 2016 habenda

538 2032 588 2070 fit
605 2059 616 2069 .
649 2027 730 2071 Ita,
749 2025 1094 2082 inspectis-verbis
1111 2026 1199 2074 ipfis
1212 2053 1226 2073 ‚
1242 2027 1487 2070 Pontificem
1505 2025 1764 2069 constituisse.

491 2080 726 2126 Arbitrium
741 2079 859 2118 unice
891 2076 1087 2126 Episcopo
1103 2078 1293 2121 relietum
1310 2081 1386 2122 effe
1404 2083 1454 2123 de
1470 2084 1520 2122 iis
1535 2108 1548 2127 ‚
1583 2094 1666 2133 quae
1677 2080 1872 2127 expleta.)

539 2132 783 2177 neceffitate
798 2129 977 2186 eccle-fiae
995 2127 1159 2186 fortaffe
1179 2135 1471 2175 exuberarent:
1491 2148 1541 2175 ne
1562 2135 1662 2174 alias
1677 2133 1741 2172 vel
1763 2143 1874 2169 com-

541 2186 710 2228 modior
732 2183 923 2231 Episcopl
947 2183 1151 2239 habitatio
1168 2209 1183 2228 ,
1215 2187 1281 2226 vel
1301 2189 1551 2237 locupletior
1568 2192 1788 2237 proventus
1817 2194 1867 2223 ex

541 2238 679 2281 fundis
708 2242 1011 2285 anteponantur
1039 2234 1182 2275 divino
1200 2239 1361 2285 cultui,
1378 2241 1509 2281 culex
1527 2239 1707 2285 receptis
1725 2235 1866 2274 Eccle-

539 2295 601 2334 fiae
618 2289 770 2348 regulis
786 2287 933 2329 cuneta
951 2309 966 2330 2
983 2293 1082 2327 ante
1097 2301 1363 2342 quaecumque
1380 2294 1463 2334 alia
1478 2318 1491 2339 ‚
1521 2291 1767 2333 destinantur
1787 2313 1799 2333 ‚
1827 2299 1874 2328 ac

544 2349 733 2387 servlunt
750 2368 762 2382 .

495 2401 562 2441 lta
577 2398 735 2447 priores
751 2392 971 2435 Antistites
1004 2403 1096 2434 eam
1123 2394 1259 2444 legem
1284 2404 1487 2447 perpetuo
1517 2391 1786 2434 intellexisse:
1815 2390 1874 2430 ita

543 2451 681 2490 facere
711 2453 917 2497 perpetuo
949 2446 1200 2488 consuevisse
1217 2478 1227 2488 .
1256 2448 1477 2499 Agnovisse
1509 2448 1549 2487 id
1565 2445 1689 2496 ipsum
1709 2444 1873 2482 hodier-

547 2514 647 2542 num
662 2499 907 2549 Episcopum
921 2523 936 2544 ‚
967 2498 1037 2550 qui
1055 2511 1135 2538 uon
1150 2501 1358 2541 modicam
1372 2503 1566 2541 summam
1582 2496 1753 2537 sacrario
1770 2496 1871 2535 dan-

549 2554 643 2593 dam
658 2552 793 2591 verbis
821 2551 982 2592 censuit
998 2578 1012 2599 ‚
1037 2553 1146 2603 quod
1162 2567 1288 2603 opere
1305 2567 1382 2594 non
1399 2550 1613 2601 implevit.

499 2604 740 2652 Rejicienda
752 2613 970 2653 propterea
987 2602 1066 2645 esse
1081 2631 1096 2652 ‚
1111 2619 1197 2656 quae
1214 2606 1267 2646 de
1282 2607 1427 2647 aedibus
1444 2602 1735 2654 episcopalibus
1750 2625 1764 2646 φ
1799 2597 1870 2639 Vel

557 2657 609 2697 de
627 2656 813 2704 augendo
828 2681 842 2702 ,
860 2670 906 2698 ac
927 2657 1161 2699 instruendo
1175 2661 1299 2708 menfiae
1315 2656 1559 2706 Episcopalis
1578 2654 1703 2695 fundo
1721 2662 1865 2701 parum

549 2717 788 2763 'opportune
806 2708 1030 2756 afferuntur
1049 2740 1062 2754 .
1088 2712 1197 2754 Satis
1208 2713 1404 2763 superque
1419 2711 1584 2762 utrique
1601 2709 1662 2751 rei
1681 2732 1695 2755 ‚
1713 2703 1876 2797 sivgoslulo
