<?xml version="1.0" encoding="UTF-8"?>
<!DOCTYPE html PUBLIC "-//W3C//DTD XHTML 1.0 Transitional//EN"
    "http://www.w3.org/TR/xhtml1/DTD/xhtml1-transitional.dtd">
<html xmlns="http://www.w3.org/1999/xhtml" xml:lang="en" lang="en">
 <head>
  <title>
</title>
<meta http-equiv="Content-Type" content="text/html;charset=utf-8" />
  <meta name='ocr-system' content='tesseract 3.04.00' />
  <meta name='ocr-capabilities' content='ocr_page ocr_carea ocr_par ocr_line ocrx_word'/>
</head>
<body>
  <div class='ocr_page' id='page_1' title='image "./thesaurusresolut34cath_0067.png"; bbox 0 0 1981 2964; ppageno 0'>
   <div class='ocr_carea' id='block_1_1' title="bbox 98 184 1479 1165">
    <p class='ocr_par' dir='ltr' id='par_1_1' title="bbox 140 184 1479 587">
     <span class='ocr_line' id='line_1_1' title="bbox 152 184 1479 278; baseline 0.004 -19"><span class='ocrx_word' id='word_1_1' title='bbox 152 240 192 271; x_wconf 63' lang='lat'>3·</span> <span class='ocrx_word' id='word_1_2' title='bbox 208 237 226 270; x_wconf 84' lang='lat'><em>5</em></span> <span class='ocrx_word' id='word_1_3' title='bbox 235 235 253 268; x_wconf 83' lang='lat'><em>5</em></span> <span class='ocrx_word' id='word_1_4' title='bbox 265 240 295 263; x_wconf 69' lang='grc' dir='ltr'>ι.</span> <span class='ocrx_word' id='word_1_5' title='bbox 314 250 325 269; x_wconf 87' lang='grc'><em>,</em></span> <span class='ocrx_word' id='word_1_6' title='bbox 344 224 508 260; x_wconf 72' lang='lat' dir='ltr'>Romana</span> <span class='ocrx_word' id='word_1_7' title='bbox 521 226 756 273; x_wconf 70' lang='lat' dir='ltr'>transtatioms</span> <span class='ocrx_word' id='word_1_8' title='bbox 773 226 888 260; x_wconf 76' lang='lat' dir='ltr'>oneris</span> <span class='ocrx_word' id='word_1_9' title='bbox 904 222 1088 272; x_wconf 76' lang='lat' dir='ltr'>miffizrrtm</span> <span class='ocrx_word' id='word_1_10' title='bbox 1108 229 1171 263; x_wconf 76' lang='lat'>28.</span> <span class='ocrx_word' id='word_1_11' title='bbox 1199 224 1301 277; x_wconf 74' lang='lat' dir='ltr'><em>Julis‘</em></span> <span class='ocrx_word' id='word_1_12' title='bbox 1316 184 1479 278; x_wconf 52' lang='lat' dir='ltr'>ejusdirsi:</span> 
     </span>
     <span class='ocr_line' id='line_1_2' title="bbox 153 276 1475 327; baseline 0 -11"><span class='ocrx_word' id='word_1_13' title='bbox 153 283 237 316; x_wconf 75' lang='lat' dir='ltr'>anni</span> <span class='ocrx_word' id='word_1_14' title='bbox 249 287 353 327; x_wconf 55' lang='lat' dir='ltr'>paga</span> <span class='ocrx_word' id='word_1_15' title='bbox 365 283 381 315; x_wconf 94' lang='lat'>8</span> <span class='ocrx_word' id='word_1_16' title='bbox 394 291 425 316; x_wconf 86' lang='lat'>1.</span> <span class='ocrx_word' id='word_1_17' title='bbox 439 300 452 319; x_wconf 80' lang='lat'><strong>‚</strong></span> <span class='ocrx_word' id='word_1_18' title='bbox 470 276 685 315; x_wconf 66' lang='lat' dir='ltr'><em>Ariminen.</em></span> <span class='ocrx_word' id='word_1_19' title='bbox 721 278 964 325; x_wconf 75' lang='lat' dir='ltr'>transsationis</span> <span class='ocrx_word' id='word_1_20' title='bbox 990 277 1205 326; x_wconf 80' lang='lat' dir='ltr'>Capellam&#39;ae</span> <span class='ocrx_word' id='word_1_21' title='bbox 1237 294 1299 319; x_wconf 83' lang='lat'>20.</span> <span class='ocrx_word' id='word_1_22' title='bbox 1315 281 1475 318; x_wconf 84' lang='lat' dir='ltr'>Decem-</span> 
     </span>
     <span class='ocr_line' id='line_1_3' title="bbox 154 327 1471 378; baseline 0.001 -10"><span class='ocrx_word' id='word_1_23' title='bbox 154 335 224 368; x_wconf 79' lang='lat' dir='ltr'>bris</span> <span class='ocrx_word' id='word_1_24' title='bbox 247 343 315 375; x_wconf 87' lang='lat'>173</span> <span class='ocrx_word' id='word_1_25' title='bbox 327 342 359 367; x_wconf 80' lang='lat'>2.</span> <span class='ocrx_word' id='word_1_26' title='bbox 377 329 513 367; x_wconf 80' lang='lat' dir='ltr'><em>lih.82.</em></span> <span class='ocrx_word' id='word_1_27' title='bbox 537 331 672 368; x_wconf 68' lang='lat' dir='ltr'>decret„</span> <span class='ocrx_word' id='word_1_28' title='bbox 687 333 869 378; x_wconf 80' lang='lat' dir='ltr'>pag.600.</span> <span class='ocrx_word' id='word_1_29' title='bbox 889 354 901 374; x_wconf 91' lang='lat'>,</span> <span class='ocrx_word' id='word_1_30' title='bbox 918 327 1173 377; x_wconf 64' lang='lat' dir='ltr'>Neapolitana</span> <span class='ocrx_word' id='word_1_31' title='bbox 1185 336 1471 372; x_wconf 68' lang='lat' dir='ltr'><em>commutationis</em></span> 
     </span>
     <span class='ocr_line' id='line_1_4' title="bbox 149 383 1470 433; baseline 0.001 -13"><span class='ocrx_word' id='word_1_32' title='bbox 149 384 349 421; x_wconf 78' lang='lat' dir='ltr'>voluntatis</span> <span class='ocrx_word' id='word_1_33' title='bbox 365 395 400 428; x_wconf 85' lang='lat'>7.</span> <span class='ocrx_word' id='word_1_34' title='bbox 420 383 614 419; x_wconf 81' lang='lat' dir='ltr'><em>Februarii</em></span> <span class='ocrx_word' id='word_1_35' title='bbox 634 395 677 427; x_wconf 91' lang='lat'>17</span> <span class='ocrx_word' id='word_1_36' title='bbox 685 395 746 424; x_wconf 81' lang='grc'>33.</span> <span class='ocrx_word' id='word_1_37' title='bbox 764 407 776 425; x_wconf 87' lang='lat'><strong>‚</strong></span> <span class='ocrx_word' id='word_1_38' title='bbox 816 384 977 421; x_wconf 72' lang='lat' dir='ltr'>Lauden.</span> <span class='ocrx_word' id='word_1_39' title='bbox 1005 383 1221 431; x_wconf 65' lang='lat' dir='ltr'>capellania.-</span> <span class='ocrx_word' id='word_1_40' title='bbox 1253 399 1271 422; x_wconf 89' lang='lat'>2</span> <span class='ocrx_word' id='word_1_41' title='bbox 1278 398 1313 427; x_wconf 86' lang='lat'>3.</span> <span class='ocrx_word' id='word_1_42' title='bbox 1331 386 1470 433; x_wconf 85' lang='lat' dir='ltr'><em>Augu-</em></span> 
     </span>
     <span class='ocr_line' id='line_1_5' title="bbox 140 435 1473 487; baseline 0.005 -17"><span class='ocrx_word' id='word_1_43' title='bbox 140 436 190 485; x_wconf 74' lang='lat' dir='ltr'>sti</span> <span class='ocrx_word' id='word_1_44' title='bbox 230 440 341 481; x_wconf 86' lang='lat'>1738.</span> <span class='ocrx_word' id='word_1_45' title='bbox 361 458 375 477; x_wconf 86' lang='lat'>‚</span> <span class='ocrx_word' id='word_1_46' title='bbox 423 435 640 472; x_wconf 80' lang='lat' dir='ltr'>Yria&#39;entina</span> <span class='ocrx_word' id='word_1_47' title='bbox 668 436 909 484; x_wconf 75' lang='lat' dir='ltr'>translationis</span> <span class='ocrx_word' id='word_1_48' title='bbox 941 439 1057 473; x_wconf 80' lang='lat' dir='ltr'>oneris</span> <span class='ocrx_word' id='word_1_49' title='bbox 1083 438 1269 486; x_wconf 78' lang='lat' dir='ltr'>mtffarum</span> <span class='ocrx_word' id='word_1_50' title='bbox 1303 452 1360 475; x_wconf 88' lang='lat'>10.</span> <span class='ocrx_word' id='word_1_51' title='bbox 1396 438 1473 487; x_wconf 80' lang='lat' dir='ltr'>Ja-</span> 
     </span>
     <span class='ocr_line' id='line_1_6' title="bbox 149 487 1470 543; baseline 0.004 -19"><span class='ocrx_word' id='word_1_52' title='bbox 149 492 274 524; x_wconf 76' lang='lat' dir='ltr'>uuarii</span> <span class='ocrx_word' id='word_1_53' title='bbox 310 500 352 532; x_wconf 89' lang='lat'>17</span> <span class='ocrx_word' id='word_1_54' title='bbox 358 500 375 529; x_wconf 82' lang='grc'><em>3</em></span> <span class='ocrx_word' id='word_1_55' title='bbox 381 500 419 534; x_wconf 85' lang='lat'>9.</span> <span class='ocrx_word' id='word_1_56' title='bbox 439 510 452 530; x_wconf 84' lang='lat'>‚</span> <span class='ocrx_word' id='word_1_57' title='bbox 487 489 531 530; x_wconf 71' lang='lat'>&amp;-</span> <span class='ocrx_word' id='word_1_58' title='bbox 551 488 747 525; x_wconf 70' lang='lat' dir='ltr'>Taurinen.</span> <span class='ocrx_word' id='word_1_59' title='bbox 769 487 1016 525; x_wconf 79' lang='lat' dir='ltr'><em>celebrationis</em></span> <span class='ocrx_word' id='word_1_60' title='bbox 1035 489 1145 538; x_wconf 72' lang='lat' dir='ltr'>miffae</span> <span class='ocrx_word' id='word_1_61' title='bbox 1177 491 1395 543; x_wconf 70' lang='lat' dir='ltr'>quotidianae</span> <span class='ocrx_word' id='word_1_62' title='bbox 1428 494 1470 529; x_wconf 71' lang='lat'>6⁴.</span> 
     </span>
     <span class='ocr_line' id='line_1_7' title="bbox 153 538 1255 587; baseline 0.005 -11"><span class='ocrx_word' id='word_1_63' title='bbox 153 542 221 577; x_wconf 65' lang='grc' dir='ltr'>Δία</span> <span class='ocrx_word' id='word_1_64' title='bbox 221 538 256 587; x_wconf 87' lang='lat' dir='ltr'>ji</span> <span class='ocrx_word' id='word_1_65' title='bbox 275 554 287 577; x_wconf 85' lang='lat'>1</span> <span class='ocrx_word' id='word_1_66' title='bbox 299 553 316 585; x_wconf 87' lang='grc'>7</span> <span class='ocrx_word' id='word_1_67' title='bbox 326 551 344 582; x_wconf 89' lang='lat'>5</span> <span class='ocrx_word' id='word_1_68' title='bbox 355 554 388 578; x_wconf 87' lang='lat'>2.</span> <span class='ocrx_word' id='word_1_69' title='bbox 1250 542 1255 548; x_wconf 64' lang='lat'>⁵</span> 
     </span>
    </p>

    <p class='ocr_par' dir='ltr' id='par_1_2' title="bbox 98 588 1474 797">
     <span class='ocr_line' id='line_1_8' title="bbox 98 588 1470 644; baseline 0.004 -14"><span class='ocrx_word' id='word_1_70' title='bbox 98 589 441 631; x_wconf 71' lang='lat' dir='ltr'>Considerandum</span> <span class='ocrx_word' id='word_1_71' title='bbox 455 615 467 634; x_wconf 86' lang='lat'><strong>‚</strong></span> <span class='ocrx_word' id='word_1_72' title='bbox 483 602 578 628; x_wconf 86' lang='lat' dir='ltr'>num</span> <span class='ocrx_word' id='word_1_73' title='bbox 592 589 617 627; x_wconf 82' lang='lat' dir='ltr'>fi</span> <span class='ocrx_word' id='word_1_74' title='bbox 632 588 836 638; x_wconf 80' lang='lat' dir='ltr'><em>Musolinus</em></span> <span class='ocrx_word' id='word_1_75' title='bbox 853 613 867 633; x_wconf 86' lang='lat'>‚</span> <span class='ocrx_word' id='word_1_76' title='bbox 883 591 990 640; x_wconf 91' lang='lat' dir='ltr'>quod</span> <span class='ocrx_word' id='word_1_77' title='bbox 1008 593 1117 640; x_wconf 80' lang='lat' dir='ltr'>petit</span> <span class='ocrx_word' id='word_1_78' title='bbox 1135 620 1150 639; x_wconf 79' lang='grc'>,</span> <span class='ocrx_word' id='word_1_79' title='bbox 1173 594 1372 644; x_wconf 78' lang='lat' dir='ltr'>impetret·</span> <span class='ocrx_word' id='word_1_80' title='bbox 1385 621 1398 641; x_wconf 87' lang='lat'>‚</span> <span class='ocrx_word' id='word_1_81' title='bbox 1429 595 1470 635; x_wconf 88' lang='lat' dir='ltr'>ei</span> 
     </span>
     <span class='ocr_line' id='line_1_9' title="bbox 148 640 1474 690; baseline 0.002 -8"><span class='ocrx_word' id='word_1_82' title='bbox 148 643 425 682; x_wconf 84' lang='lat' dir='ltr'>mandandum</span> <span class='ocrx_word' id='word_1_83' title='bbox 440 643 487 680; x_wconf 84' lang='lat' dir='ltr'>fit</span> <span class='ocrx_word' id='word_1_84' title='bbox 503 665 516 684; x_wconf 85' lang='lat'>,</span> <span class='ocrx_word' id='word_1_85' title='bbox 550 650 595 679; x_wconf 90' lang='lat' dir='ltr'>ut</span> <span class='ocrx_word' id='word_1_86' title='bbox 615 640 788 690; x_wconf 77' lang='lat' dir='ltr'>expresse</span> <span class='ocrx_word' id='word_1_87' title='bbox 820 640 963 682; x_wconf 79' lang='lat' dir='ltr'>favore</span> <span class='ocrx_word' id='word_1_88' title='bbox 992 645 1246 686; x_wconf 62' lang='lat' dir='ltr'>haereditatis</span> <span class='ocrx_word' id='word_1_89' title='bbox 1277 649 1474 686; x_wconf 85' lang='lat' dir='ltr'>remittat</span> 
     </span>
     <span class='ocr_line' id='line_1_10' title="bbox 148 693 1472 749; baseline 0.002 -15"><span class='ocrx_word' id='word_1_90' title='bbox 148 699 237 742; x_wconf 84' lang='lat' dir='ltr'>jura</span> <span class='ocrx_word' id='word_1_91' title='bbox 254 720 266 740; x_wconf 94' lang='lat'>,</span> <span class='ocrx_word' id='word_1_92' title='bbox 291 707 374 744; x_wconf 87' lang='lat' dir='ltr'>quae</span> <span class='ocrx_word' id='word_1_93' title='bbox 406 707 451 732; x_wconf 78' lang='lat' dir='ltr'>ex</span> <span class='ocrx_word' id='word_1_94' title='bbox 468 693 668 732; x_wconf 64' lang='lat' dir='ltr'>anteaftis</span> <span class='ocrx_word' id='word_1_95' title='bbox 692 694 835 734; x_wconf 83' lang='lat' dir='ltr'>litibus</span> <span class='ocrx_word' id='word_1_96' title='bbox 854 719 869 740; x_wconf 88' lang='lat'>‚</span> <span class='ocrx_word' id='word_1_97' title='bbox 895 706 1116 748; x_wconf 87' lang='lat' dir='ltr'>earumque</span> <span class='ocrx_word' id='word_1_98' title='bbox 1153 699 1333 749; x_wconf 82' lang='lat' dir='ltr'>expeufis</span> <span class='ocrx_word' id='word_1_99' title='bbox 1363 711 1472 749; x_wconf 86' lang='lat' dir='ltr'>quae-</span> 
     </span>
     <span class='ocr_line' id='line_1_11' title="bbox 150 748 493 797; baseline -0.009 -10"><span class='ocrx_word' id='word_1_100' title='bbox 150 759 325 797; x_wconf 87' lang='lat' dir='ltr'>cumque</span> <span class='ocrx_word' id='word_1_101' title='bbox 343 748 465 785; x_wconf 87' lang='lat' dir='ltr'>habet</span> <span class='ocrx_word' id='word_1_102' title='bbox 483 776 493 785; x_wconf 90' lang='lat'>.</span> 
     </span>
    </p>

    <p class='ocr_par' dir='ltr' id='par_1_3' title="bbox 98 798 1476 955">
     <span class='ocr_line' id='line_1_12' title="bbox 98 798 1476 855; baseline 0.001 -17"><span class='ocrx_word' id='word_1_103' title='bbox 98 798 390 843; x_wconf 73' lang='lat' dir='ltr'>Procuratores</span> <span class='ocrx_word' id='word_1_104' title='bbox 406 799 636 840; x_wconf 79' lang='lat' dir='ltr'>Generales.</span> <span class='ocrx_word' id='word_1_105' title='bbox 649 798 854 839; x_wconf 86' lang='lat' dir='ltr'>Ordinum</span> <span class='ocrx_word' id='word_1_106' title='bbox 873 798 1138 851; x_wconf 82' lang='lat' dir='ltr'>Regularium</span> <span class='ocrx_word' id='word_1_107' title='bbox 1153 830 1166 850; x_wconf 92' lang='lat'>‚</span> <span class='ocrx_word' id='word_1_108' title='bbox 1182 804 1251 855; x_wconf 90' lang='lat' dir='ltr'>qui</span> <span class='ocrx_word' id='word_1_109' title='bbox 1265 804 1315 843; x_wconf 86' lang='lat' dir='ltr'>ad</span> <span class='ocrx_word' id='word_1_110' title='bbox 1331 801 1476 842; x_wconf 81' lang='lat' dir='ltr'>funda-</span> 
     </span>
     <span class='ocr_line' id='line_1_13' title="bbox 149 851 1474 900; baseline 0.004 -10"><span class='ocrx_word' id='word_1_111' title='bbox 149 853 307 890; x_wconf 84' lang='lat' dir='ltr'>tionem</span> <span class='ocrx_word' id='word_1_112' title='bbox 333 851 641 896; x_wconf 84' lang='lat' dir='ltr'>invitabantur,</span> <span class='ocrx_word' id='word_1_113' title='bbox 669 864 739 900; x_wconf 79' lang='lat' dir='ltr'>per</span> <span class='ocrx_word' id='word_1_114' title='bbox 752 854 1004 891; x_wconf 79' lang='lat' dir='ltr'>Secretart&#39;um</span> <span class='ocrx_word' id='word_1_115' title='bbox 1035 857 1184 896; x_wconf 86' lang='lat' dir='ltr'>moniti</span> <span class='ocrx_word' id='word_1_116' title='bbox 1213 858 1303 895; x_wconf 90' lang='lat' dir='ltr'>sunt</span> <span class='ocrx_word' id='word_1_117' title='bbox 1332 857 1382 895; x_wconf 92' lang='lat' dir='ltr'>de</span> <span class='ocrx_word' id='word_1_118' title='bbox 1399 857 1474 895; x_wconf 86' lang='lat' dir='ltr'>hac</span> 
     </span>
     <span class='ocr_line' id='line_1_14' title="bbox 156 903 1470 955; baseline 0.001 -12"><span class='ocrx_word' id='word_1_119' title='bbox 156 905 273 943; x_wconf 84' lang='lat' dir='ltr'>causa</span> <span class='ocrx_word' id='word_1_120' title='bbox 289 930 301 949; x_wconf 90' lang='lat'><strong>‚</strong></span> <span class='ocrx_word' id='word_1_121' title='bbox 321 912 365 943; x_wconf 90' lang='lat' dir='ltr'>ut</span> <span class='ocrx_word' id='word_1_122' title='bbox 383 929 397 948; x_wconf 89' lang='lat'>‚</span> <span class='ocrx_word' id='word_1_123' title='bbox 413 905 439 943; x_wconf 89' lang='lat' dir='ltr'><strong>fi</strong></span> <span class='ocrx_word' id='word_1_124' title='bbox 456 903 552 955; x_wconf 88' lang='lat' dir='ltr'>quid</span> <span class='ocrx_word' id='word_1_125' title='bbox 569 917 589 941; x_wconf 86' lang='lat' dir='ltr'>e</span> <span class='ocrx_word' id='word_1_126' title='bbox 605 916 647 944; x_wconf 89' lang='lat' dir='ltr'>re</span> <span class='ocrx_word' id='word_1_127' title='bbox 669 905 734 942; x_wconf 88' lang='lat' dir='ltr'>sua</span> <span class='ocrx_word' id='word_1_128' title='bbox 749 903 846 945; x_wconf 79' lang='lat' dir='ltr'>effet</span> <span class='ocrx_word' id='word_1_129' title='bbox 861 931 875 951; x_wconf 90' lang='lat'>,</span> <span class='ocrx_word' id='word_1_130' title='bbox 891 917 1164 953; x_wconf 79' lang='lat' dir='ltr'>prouenerent</span> <span class='ocrx_word' id='word_1_131' title='bbox 1179 937 1188 946; x_wconf 74' lang='lat'>.</span> <span class='ocrx_word' id='word_1_132' title='bbox 1211 908 1437 947; x_wconf 79' lang='lat' dir='ltr'>Dubitatur</span> <span class='ocrx_word' id='word_1_133' title='bbox 1453 931 1470 952; x_wconf 90' lang='lat'>‚</span> 
     </span>
    </p>

    <p class='ocr_par' dir='ltr' id='par_1_4' title="bbox 101 957 1467 1009">
     <span class='ocr_line' id='line_1_15' title="bbox 101 957 1467 1009; baseline 0.001 -14"><span class='ocrx_word' id='word_1_134' title='bbox 101 957 171 995; x_wconf 80' lang='lat' dir='ltr'>An</span> <span class='ocrx_word' id='word_1_135' title='bbox 183 958 273 994; x_wconf 83' lang='lat' dir='ltr'>bona</span> <span class='ocrx_word' id='word_1_136' title='bbox 287 982 298 1002; x_wconf 93' lang='lat'>‚</span> <span class='ocrx_word' id='word_1_137' title='bbox 315 957 360 994; x_wconf 86' lang='lat' dir='ltr'>de</span> <span class='ocrx_word' id='word_1_138' title='bbox 375 959 499 1008; x_wconf 69' lang='lat' dir='ltr'>quibus</span> <span class='ocrx_word' id='word_1_139' title='bbox 511 961 634 1003; x_wconf 72' lang='lat' dir='ltr'>agitur</span> <span class='ocrx_word' id='word_1_140' title='bbox 649 960 848 1006; x_wconf 78' lang='lat' dir='ltr'>affignanda</span> <span class='ocrx_word' id='word_1_141' title='bbox 865 959 940 1004; x_wconf 78' lang='lat' dir='ltr'>sint</span> <span class='ocrx_word' id='word_1_142' title='bbox 955 961 1107 997; x_wconf 69' lang='lat' dir='ltr'>Orator}</span> <span class='ocrx_word' id='word_1_143' title='bbox 1133 962 1240 998; x_wconf 76' lang='lat' dir='ltr'><em>titulo</em></span> <span class='ocrx_word' id='word_1_144' title='bbox 1257 958 1467 1009; x_wconf 74' lang='lat' dir='ltr'><em>capellania</em></span> 
     </span>
    </p>

    <p class='ocr_par' dir='ltr' id='par_1_5' title="bbox 196 1009 1472 1165">
     <span class='ocr_line' id='line_1_16' title="bbox 201 1009 1470 1061; baseline -0.001 -14"><span class='ocrx_word' id='word_1_145' title='bbox 201 1022 282 1047; x_wconf 84' lang='lat' dir='ltr'>cum</span> <span class='ocrx_word' id='word_1_146' title='bbox 299 1022 402 1048; x_wconf 79' lang='lat' dir='ltr'>onere</span> <span class='ocrx_word' id='word_1_147' title='bbox 416 1014 519 1047; x_wconf 77' lang='lat' dir='ltr'>unius</span> <span class='ocrx_word' id='word_1_148' title='bbox 538 1009 647 1056; x_wconf 78' lang='lat' dir='ltr'>miffae</span> <span class='ocrx_word' id='word_1_149' title='bbox 662 1012 880 1059; x_wconf 55' lang='lat' dir='ltr'>quotidianae</span> <span class='ocrx_word' id='word_1_150' title='bbox 910 1009 987 1061; x_wconf 78' lang='lat' dir='ltr'>ejus</span> <span class='ocrx_word' id='word_1_151' title='bbox 1018 1016 1098 1050; x_wconf 82' lang='lat' dir='ltr'>vita</span> <span class='ocrx_word' id='word_1_152' title='bbox 1126 1015 1282 1051; x_wconf 80' lang='lat' dir='ltr'>durante</span> <span class='ocrx_word' id='word_1_153' title='bbox 1311 1021 1470 1055; x_wconf 82' lang='lat' dir='ltr'>tantum,</span> 
     </span>
     <span class='ocr_line' id='line_1_17' title="bbox 202 1062 1472 1114; baseline 0.001 -15"><span class='ocrx_word' id='word_1_154' title='bbox 202 1064 300 1099; x_wconf 74' lang='lat' dir='ltr'><em>itaut</em></span> <span class='ocrx_word' id='word_1_155' title='bbox 322 1063 392 1112; x_wconf 80' lang='lat' dir='ltr'>post</span> <span class='ocrx_word' id='word_1_156' title='bbox 422 1062 497 1114; x_wconf 64' lang='lat' dir='ltr'>ejus</span> <span class='ocrx_word' id='word_1_157' title='bbox 513 1064 645 1099; x_wconf 77' lang='lat' dir='ltr'>obitam</span> <span class='ocrx_word' id='word_1_158' title='bbox 663 1064 715 1112; x_wconf 67' lang='lat' dir='ltr'>stt</span> <span class='ocrx_word' id='word_1_159' title='bbox 728 1066 975 1114; x_wconf 68' lang='lat' dir='ltr'>exequendum</span> <span class='ocrx_word' id='word_1_160' title='bbox 997 1066 1182 1106; x_wconf 77' lang='lat' dir='ltr'>decretum</span> <span class='ocrx_word' id='word_1_161' title='bbox 1209 1068 1299 1106; x_wconf 62' lang='lat' dir='ltr'>Suc„</span> <span class='ocrx_word' id='word_1_162' title='bbox 1321 1067 1472 1114; x_wconf 48' lang='lat' dir='ltr'>Gangre&lt;</span> 
     </span>
     <span class='ocr_line' id='line_1_18' title="bbox 196 1116 627 1165; baseline 0.005 -13"><span class='ocrx_word' id='word_1_163' title='bbox 196 1117 354 1165; x_wconf 78' lang='lat' dir='ltr'>gationis</span> <span class='ocrx_word' id='word_1_164' title='bbox 373 1140 387 1162; x_wconf 85' lang='lat'>‚</span> <span class='ocrx_word' id='word_1_165' title='bbox 401 1118 440 1155; x_wconf 77' lang='lat' dir='ltr'>in</span> <span class='ocrx_word' id='word_1_166' title='bbox 453 1116 534 1164; x_wconf 80' lang='lat' dir='ltr'>casu</span> <span class='ocrx_word' id='word_1_167' title='bbox 552 1117 627 1160; x_wconf 55' lang='lat' dir='ltr'>&amp;co</span> 
     </span>
    </p>
   </div>
   <div class='ocr_carea' id='block_1_2' title="bbox 206 1427 1484 1531">
    <p class='ocr_par' dir='ltr' id='par_1_6' title="bbox 206 1427 1484 1531">
     <span class='ocr_line' id='line_1_19' title="bbox 206 1427 1482 1471; baseline -0.002 -2"><span class='ocrx_word' id='word_1_168' title='bbox 206 1427 451 1469; x_wconf 84' lang='lat' dir='ltr'><strong>NESNEN.</strong></span> <span class='ocrx_word' id='word_1_169' title='bbox 479 1428 749 1470; x_wconf 84' lang='lat' dir='ltr'><strong>UNIONIS.</strong></span> <span class='ocrx_word' id='word_1_170' title='bbox 778 1429 1062 1470; x_wconf 83' lang='lat' dir='ltr'>Cistercienses</span> <span class='ocrx_word' id='word_1_171' title='bbox 1093 1432 1282 1471; x_wconf 84' lang='lat' dir='ltr'>monachi</span> <span class='ocrx_word' id='word_1_172' title='bbox 1300 1432 1482 1470; x_wconf 69' lang='lat' dir='ltr'>Andrea-</span> 
     </span>
     <span class='ocr_line' id='line_1_20' title="bbox 214 1482 1484 1531; baseline 0.001 -11"><span class='ocrx_word' id='word_1_173' title='bbox 214 1483 370 1531; x_wconf 71' lang='lat' dir='ltr'>.vienfhs</span> <span class='ocrx_word' id='word_1_174' title='bbox 402 1482 670 1521; x_wconf 86' lang='lat' dir='ltr'>obtinuerant</span> <span class='ocrx_word' id='word_1_175' title='bbox 697 1483 744 1520; x_wconf 86' lang='lat' dir='ltr'>ab</span> <span class='ocrx_word' id='word_1_176' title='bbox 773 1483 1099 1530; x_wconf 72' lang='lat' dir='ltr'>Archiepiscopo</span> <span class='ocrx_word' id='word_1_177' title='bbox 1129 1484 1332 1523; x_wconf 86' lang='lat' dir='ltr'>Gnesnen.</span> <span class='ocrx_word' id='word_1_178' title='bbox 1364 1485 1484 1522; x_wconf 89' lang='lat' dir='ltr'>unio-</span> 
     </span>
    </p>
   </div>
   <div class='ocr_carea' id='block_1_3' title="bbox 1544 1467 1843 1516">
    <p class='ocr_par' dir='ltr' id='par_1_7' title="bbox 1544 1467 1843 1516">
     <span class='ocr_line' id='line_1_21' title="bbox 1544 1467 1843 1516; baseline -0.003 -7"><span class='ocrx_word' id='word_1_179' title='bbox 1544 1467 1642 1510; x_wconf 60' lang='lat' dir='ltr'>Sefl.</span> <span class='ocrx_word' id='word_1_180' title='bbox 1663 1482 1700 1513; x_wconf 85' lang='lat'>7.</span> <span class='ocrx_word' id='word_1_181' title='bbox 1732 1475 1807 1516; x_wconf 79' lang='lat' dir='ltr'>cap.</span> <span class='ocrx_word' id='word_1_182' title='bbox 1822 1476 1843 1508; x_wconf 80' lang='grc'>7</span> 
     </span>
    </p>
   </div>
   <div class='ocr_carea' id='block_1_4' title="bbox 146 1521 1727 1586">
    <p class='ocr_par' dir='ltr' id='par_1_8' title="bbox 146 1521 1727 1586">
     <span class='ocr_line' id='line_1_22' title="bbox 146 1521 1727 1586; baseline -0.003 -11"><span class='ocrx_word' id='word_1_183' title='bbox 146 1548 246 1575; x_wconf 90' lang='lat' dir='ltr'>nem</span> <span class='ocrx_word' id='word_1_184' title='bbox 264 1536 434 1573; x_wconf 87' lang='lat' dir='ltr'>duarum</span> <span class='ocrx_word' id='word_1_185' title='bbox 449 1533 735 1582; x_wconf 79' lang='lat' dir='ltr'>parochiarum</span> <span class='ocrx_word' id='word_1_186' title='bbox 751 1534 791 1572; x_wconf 92' lang='lat' dir='ltr'>in</span> <span class='ocrx_word' id='word_1_187' title='bbox 809 1536 935 1573; x_wconf 81' lang='lat' dir='ltr'>Cierno</span> <span class='ocrx_word' id='word_1_188' title='bbox 950 1558 964 1578; x_wconf 88' lang='lat'>‚</span> <span class='ocrx_word' id='word_1_189' title='bbox 980 1535 1019 1575; x_wconf 69' lang='grc' dir='ltr'>ὃς</span> <span class='ocrx_word' id='word_1_190' title='bbox 1032 1535 1198 1573; x_wconf 82' lang='lat' dir='ltr'>Zlotniki</span> <span class='ocrx_word' id='word_1_191' title='bbox 1214 1558 1241 1579; x_wconf 87' lang='lat'>‚.</span> <span class='ocrx_word' id='word_1_192' title='bbox 1257 1548 1356 1586; x_wconf 86' lang='lat' dir='ltr'>quas</span> <span class='ocrx_word' id='word_1_193' title='bbox 1376 1536 1478 1574; x_wconf 87' lang='lat' dir='ltr'>licet</span> <span class='ocrx_word' id='word_1_194' title='bbox 1512 1524 1558 1563; x_wconf 56' lang='lat' dir='ltr'>d&amp;</span> <span class='ocrx_word' id='word_1_195' title='bbox 1569 1521 1727 1570; x_wconf 60' lang='lat' dir='ltr'>Referm&#39;⁵</span> 
     </span>
    </p>
   </div>
   <div class='ocr_carea' id='block_1_5' title="bbox 95 1585 1487 2631">
    <p class='ocr_par' dir='ltr' id='par_1_9' title="bbox 145 1585 1487 1901">
     <span class='ocr_line' id='line_1_23' title="bbox 147 1585 1478 1636; baseline -0.002 -9"><span class='ocrx_word' id='word_1_196' title='bbox 147 1599 171 1627; x_wconf 81' lang='lat' dir='ltr'>a</span> <span class='ocrx_word' id='word_1_197' title='bbox 184 1586 434 1636; x_wconf 79' lang='lat' dir='ltr'>presbyteris</span> <span class='ocrx_word' id='word_1_198' title='bbox 449 1585 706 1626; x_wconf 77' lang='lat' dir='ltr'>saecularibus</span> <span class='ocrx_word' id='word_1_199' title='bbox 721 1585 1035 1631; x_wconf 85' lang='lat' dir='ltr'>administratas,</span> <span class='ocrx_word' id='word_1_200' title='bbox 1047 1587 1107 1627; x_wconf 89' lang='lat' dir='ltr'>sui</span> <span class='ocrx_word' id='word_1_201' title='bbox 1121 1588 1224 1634; x_wconf 83' lang='lat' dir='ltr'>juris</span> <span class='ocrx_word' id='word_1_202' title='bbox 1237 1596 1478 1635; x_wconf 79' lang='lat' dir='ltr'>patronatus</span> 
     </span>
     <span class='ocr_line' id='line_1_24' title="bbox 149 1638 1487 1688; baseline -0.001 -9"><span class='ocrx_word' id='word_1_203' title='bbox 149 1639 227 1679; x_wconf 84' lang='lat' dir='ltr'>effe</span> <span class='ocrx_word' id='word_1_204' title='bbox 238 1639 481 1679; x_wconf 75' lang='lat' dir='ltr'>asseruerant</span> <span class='ocrx_word' id='word_1_205' title='bbox 500 1668 510 1677; x_wconf 89' lang='lat'><strong><em>.</em></strong></span> <span class='ocrx_word' id='word_1_206' title='bbox 541 1638 761 1679; x_wconf 84' lang='lat' dir='ltr'>Petierunt</span> <span class='ocrx_word' id='word_1_207' title='bbox 790 1641 922 1687; x_wconf 80' lang='lat' dir='ltr'>postea</span> <span class='ocrx_word' id='word_1_208' title='bbox 939 1639 1055 1680; x_wconf 87' lang='lat' dir='ltr'>Sedis</span> <span class='ocrx_word' id='word_1_209' title='bbox 1073 1640 1313 1688; x_wconf 70' lang='lat' dir='ltr'>Apostolicoe</span> <span class='ocrx_word' id='word_1_210' title='bbox 1330 1639 1487 1678; x_wconf 35' lang='lat' dir='ltr'>confir-¹</span> 
     </span>
     <span class='ocr_line' id='line_1_25' title="bbox 146 1690 1477 1743; baseline -0.001 -12"><span class='ocrx_word' id='word_1_211' title='bbox 146 1692 394 1735; x_wconf 81' lang='lat' dir='ltr'>mationem,</span> <span class='ocrx_word' id='word_1_212' title='bbox 411 1704 497 1742; x_wconf 83' lang='lat' dir='ltr'>quae</span> <span class='ocrx_word' id='word_1_213' title='bbox 515 1690 731 1732; x_wconf 80' lang='lat' dir='ltr'>necessaria</span> <span class='ocrx_word' id='word_1_214' title='bbox 749 1692 917 1743; x_wconf 86' lang='lat' dir='ltr'>quidem</span> <span class='ocrx_word' id='word_1_215' title='bbox 931 1700 1019 1732; x_wconf 89' lang='lat' dir='ltr'>erat</span> <span class='ocrx_word' id='word_1_216' title='bbox 1036 1719 1048 1738; x_wconf 88' lang='lat'>,</span> <span class='ocrx_word' id='word_1_217' title='bbox 1066 1693 1104 1731; x_wconf 66' lang='lat'>8&lt;</span> <span class='ocrx_word' id='word_1_218' title='bbox 1121 1692 1477 1743; x_wconf 24' lang='lat' dir='ltr'>quameEpiscobus</span> 
     </span>
     <span class='ocr_line' id='line_1_26' title="bbox 145 1742 1486 1794; baseline 0 -10"><span class='ocrx_word' id='word_1_219' title='bbox 145 1744 449 1794; x_wconf 83' lang='lat' dir='ltr'>impetrandam</span> <span class='ocrx_word' id='word_1_220' title='bbox 477 1742 554 1784; x_wconf 83' lang='lat' dir='ltr'>effe</span> <span class='ocrx_word' id='word_1_221' title='bbox 583 1752 724 1792; x_wconf 85' lang='lat' dir='ltr'>aperte</span> <span class='ocrx_word' id='word_1_222' title='bbox 756 1744 1001 1784; x_wconf 85' lang='lat' dir='ltr'>decreverat</span> <span class='ocrx_word' id='word_1_223' title='bbox 1016 1776 1026 1786; x_wconf 88' lang='lat'><em>.</em></span> <span class='ocrx_word' id='word_1_224' title='bbox 1057 1743 1208 1784; x_wconf 83' lang='lat' dir='ltr'>Totius</span> <span class='ocrx_word' id='word_1_225' title='bbox 1237 1746 1363 1784; x_wconf 77' lang='lat' dir='ltr'>causae</span> <span class='ocrx_word' id='word_1_226' title='bbox 1391 1745 1486 1790; x_wconf 61' lang='lat' dir='ltr'>spe*</span> 
     </span>
     <span class='ocr_line' id='line_1_27' title="bbox 147 1797 1478 1849; baseline -0.001 -12"><span class='ocrx_word' id='word_1_227' title='bbox 147 1797 258 1837; x_wconf 90' lang='lat' dir='ltr'>ciem</span> <span class='ocrx_word' id='word_1_228' title='bbox 274 1798 396 1836; x_wconf 87' lang='lat' dir='ltr'>habet</span> <span class='ocrx_word' id='word_1_229' title='bbox 417 1797 552 1845; x_wconf 80' lang='lat' dir='ltr'><em>fhlium</em></span> <span class='ocrx_word' id='word_1_230' title='bbox 575 1798 653 1835; x_wconf 73' lang='lat' dir='ltr'>dies·</span> <span class='ocrx_word' id='word_1_231' title='bbox 683 1808 741 1842; x_wconf 90' lang='lat'>15.</span> <span class='ocrx_word' id='word_1_232' title='bbox 773 1799 993 1848; x_wconf 73' lang='lat' dir='ltr'>Septembris</span> <span class='ocrx_word' id='word_1_233' title='bbox 1011 1801 1191 1849; x_wconf 55' lang='lat' dir='ltr'>praeteriti</span> <span class='ocrx_word' id='word_1_234' title='bbox 1215 1800 1303 1837; x_wconf 79' lang='lat' dir='ltr'>anni</span> <span class='ocrx_word' id='word_1_235' title='bbox 1339 1800 1478 1846; x_wconf 74' lang='grc' dir='ltr'>ι764.,</span> 
     </span>
     <span class='ocr_line' id='line_1_28' title="bbox 151 1849 778 1901; baseline 0.003 -13"><span class='ocrx_word' id='word_1_236' title='bbox 151 1850 262 1901; x_wconf 90' lang='lat' dir='ltr'>quod</span> <span class='ocrx_word' id='word_1_237' title='bbox 272 1849 441 1888; x_wconf 89' lang='lat' dir='ltr'>omnino</span> <span class='ocrx_word' id='word_1_238' title='bbox 457 1850 681 1890; x_wconf 88' lang='lat' dir='ltr'>videndum</span> <span class='ocrx_word' id='word_1_239' title='bbox 701 1851 754 1889; x_wconf 84' lang='lat' dir='ltr'>est</span> <span class='ocrx_word' id='word_1_240' title='bbox 767 1880 778 1890; x_wconf 81' lang='lat'>.‚</span> 
     </span>
    </p>

    <p class='ocr_par' dir='ltr' id='par_1_10' title="bbox 95 1900 1486 2376">
     <span class='ocr_line' id='line_1_29' title="bbox 95 1900 1477 1954; baseline 0.001 -12"><span class='ocrx_word' id='word_1_241' title='bbox 95 1900 160 1942; x_wconf 67' lang='lat' dir='ltr'>Eo</span> <span class='ocrx_word' id='word_1_242' title='bbox 173 1901 241 1940; x_wconf 88' lang='lat' dir='ltr'>die</span> <span class='ocrx_word' id='word_1_243' title='bbox 265 1904 317 1941; x_wconf 90' lang='lat' dir='ltr'>ob</span> <span class='ocrx_word' id='word_1_244' title='bbox 334 1904 534 1950; x_wconf 83' lang='lat' dir='ltr'>temporis</span> <span class='ocrx_word' id='word_1_245' title='bbox 551 1903 772 1953; x_wconf 86' lang='lat' dir='ltr'>angustiam</span> <span class='ocrx_word' id='word_1_246' title='bbox 799 1905 1003 1954; x_wconf 71' lang='lat' dir='ltr'>propofita</span> <span class='ocrx_word' id='word_1_247' title='bbox 1020 1917 1097 1945; x_wconf 88' lang='lat' dir='ltr'>non</span> <span class='ocrx_word' id='word_1_248' title='bbox 1122 1904 1205 1945; x_wconf 83' lang='lat' dir='ltr'>fuit</span> <span class='ocrx_word' id='word_1_249' title='bbox 1218 1904 1335 1945; x_wconf 84' lang='lat' dir='ltr'>causa</span> <span class='ocrx_word' id='word_1_250' title='bbox 1351 1932 1363 1944; x_wconf 80' lang='grc'><strong>.</strong></span> <span class='ocrx_word' id='word_1_251' title='bbox 1395 1901 1477 1941; x_wconf 84' lang='lat' dir='ltr'>Sed</span> 
     </span>
     <span class='ocr_line' id='line_1_30' title="bbox 148 1953 1477 2008; baseline 0 -15"><span class='ocrx_word' id='word_1_252' title='bbox 148 1954 244 2006; x_wconf 87' lang='lat' dir='ltr'>quia</span> <span class='ocrx_word' id='word_1_253' title='bbox 258 1953 588 1996; x_wconf 82' lang='lat' dir='ltr'>animadversum</span> <span class='ocrx_word' id='word_1_254' title='bbox 618 1953 754 1996; x_wconf 84' lang='lat' dir='ltr'>fuerat</span> <span class='ocrx_word' id='word_1_255' title='bbox 769 1982 783 2001; x_wconf 88' lang='lat'><strong>‚</strong></span> <span class='ocrx_word' id='word_1_256' title='bbox 813 1958 920 2008; x_wconf 88' lang='lat' dir='ltr'>quod</span> <span class='ocrx_word' id='word_1_257' title='bbox 950 1971 1029 1998; x_wconf 87' lang='lat' dir='ltr'>non</span> <span class='ocrx_word' id='word_1_258' title='bbox 1049 1959 1317 1998; x_wconf 84' lang='lat' dir='ltr'>adverterant</span> <span class='ocrx_word' id='word_1_259' title='bbox 1333 1966 1477 1994; x_wconf 83' lang='lat' dir='ltr'>mona—</span> 
     </span>
     <span class='ocr_line' id='line_1_31' title="bbox 147 2006 1467 2062; baseline 0.002 -18"><span class='ocrx_word' id='word_1_260' title='bbox 147 2006 218 2045; x_wconf 85' lang='lat' dir='ltr'>chi</span> <span class='ocrx_word' id='word_1_261' title='bbox 236 2032 249 2052; x_wconf 92' lang='lat'>,</span> <span class='ocrx_word' id='word_1_262' title='bbox 274 2007 493 2047; x_wconf 86' lang='lat' dir='ltr'>maximam</span> <span class='ocrx_word' id='word_1_263' title='bbox 521 2006 644 2048; x_wconf 81' lang='lat' dir='ltr'>inesse</span> <span class='ocrx_word' id='word_1_264' title='bbox 658 2008 952 2050; x_wconf 84' lang='lat' dir='ltr'>difficultatem</span> <span class='ocrx_word' id='word_1_265' title='bbox 981 2035 994 2055; x_wconf 90' lang='lat'><strong>‚</strong></span> <span class='ocrx_word' id='word_1_266' title='bbox 1038 2011 1133 2062; x_wconf 81' lang='lat' dir='ltr'>quia</span> <span class='ocrx_word' id='word_1_267' title='bbox 1155 2012 1352 2060; x_wconf 83' lang='lat' dir='ltr'>agebatur</span> <span class='ocrx_word' id='word_1_268' title='bbox 1383 2007 1467 2047; x_wconf 59' lang='grc' dir='ltr'>ὀὶ,</span> 
     </span>
     <span class='ocr_line' id='line_1_32' title="bbox 148 2059 1475 2112; baseline -0.002 -15"><span class='ocrx_word' id='word_1_269' title='bbox 148 2059 302 2098; x_wconf 86' lang='lat' dir='ltr'>unione</span> <span class='ocrx_word' id='word_1_270' title='bbox 331 2060 594 2101; x_wconf 85' lang='lat' dir='ltr'>ecclefiarum</span> <span class='ocrx_word' id='word_1_271' title='bbox 621 2061 876 2102; x_wconf 64' lang='lat' dir='ltr'>saecularium</span> <span class='ocrx_word' id='word_1_272' title='bbox 891 2064 1170 2112; x_wconf 82' lang='lat' dir='ltr'>regularibus,</span> <span class='ocrx_word' id='word_1_273' title='bbox 1199 2074 1319 2112; x_wconf 86' lang='lat' dir='ltr'>quam</span> <span class='ocrx_word' id='word_1_274' title='bbox 1344 2060 1475 2097; x_wconf 77' lang='lat' dir='ltr'>Conci-</span> 
     </span>
     <span class='ocr_line' id='line_1_33' title="bbox 146 2111 1475 2164; baseline 0.005 -15"><span class='ocrx_word' id='word_1_275' title='bbox 146 2111 402 2160; x_wconf 62' lang='lat' dir='ltr'>Iiumsesmq..</span> <span class='ocrx_word' id='word_1_276' title='bbox 418 2122 560 2161; x_wconf 83' lang='lat' dir='ltr'>cap.13.</span> <span class='ocrx_word' id='word_1_277' title='bbox 579 2115 626 2152; x_wconf 87' lang='lat' dir='ltr'>de</span> <span class='ocrx_word' id='word_1_278' title='bbox 640 2113 840 2162; x_wconf 84' lang='lat' dir='ltr'>Refhrmat.</span> <span class='ocrx_word' id='word_1_279' title='bbox 856 2113 1031 2164; x_wconf 70' lang='lat' dir='ltr'>expreff&#39;e</span> <span class='ocrx_word' id='word_1_280' title='bbox 1046 2113 1184 2154; x_wconf 87' lang='lat' dir='ltr'>vetuit</span> <span class='ocrx_word' id='word_1_281' title='bbox 1195 2126 1210 2153; x_wconf 81' lang='lat'>‚·</span> <span class='ocrx_word' id='word_1_282' title='bbox 1226 2113 1319 2152; x_wconf 89' lang='lat' dir='ltr'>ideo</span> <span class='ocrx_word' id='word_1_283' title='bbox 1331 2112 1398 2155; x_wconf 63' lang='lat' dir='ltr'>die,</span> <span class='ocrx_word' id='word_1_284' title='bbox 1411 2123 1475 2158; x_wconf 84' lang='lat'>24·</span> 
     </span>
     <span class='ocr_line' id='line_1_34' title="bbox 139 2163 1477 2214; baseline -0.001 -13"><span class='ocrx_word' id='word_1_285' title='bbox 139 2164 326 2214; x_wconf 78' lang='lat' dir='ltr'>sequentis</span> <span class='ocrx_word' id='word_1_286' title='bbox 353 2167 579 2204; x_wconf 81' lang='lat' dir='ltr'>Novembris</span> <span class='ocrx_word' id='word_1_287' title='bbox 605 2166 656 2205; x_wconf 82' lang='lat' dir='ltr'>de</span> <span class='ocrx_word' id='word_1_288' title='bbox 685 2167 901 2214; x_wconf 82' lang='lat' dir='ltr'>petitionis</span> <span class='ocrx_word' id='word_1_289' title='bbox 933 2167 1045 2206; x_wconf 89' lang='lat' dir='ltr'>exitu</span> <span class='ocrx_word' id='word_1_290' title='bbox 1072 2165 1238 2204; x_wconf 81' lang='lat' dir='ltr'>forsitan</span> <span class='ocrx_word' id='word_1_291' title='bbox 1274 2163 1477 2212; x_wconf 76' lang='lat' dir='ltr'>pertime-</span> 
     </span>
     <span class='ocr_line' id='line_1_35' title="bbox 151 2216 1486 2268; baseline -0.001 -14"><span class='ocrx_word' id='word_1_292' title='bbox 151 2216 310 2255; x_wconf 88' lang='lat' dir='ltr'>scentes</span> <span class='ocrx_word' id='word_1_293' title='bbox 326 2242 339 2261; x_wconf 92' lang='lat'>,</span> <span class='ocrx_word' id='word_1_294' title='bbox 369 2217 411 2256; x_wconf 89' lang='lat' dir='ltr'>ni</span> <span class='ocrx_word' id='word_1_295' title='bbox 428 2216 478 2257; x_wconf 92' lang='lat' dir='ltr'>de</span> <span class='ocrx_word' id='word_1_296' title='bbox 495 2219 913 2268; x_wconf 78' lang='lat' dir='ltr'>suojurepatronatus</span> <span class='ocrx_word' id='word_1_297' title='bbox 941 2219 981 2257; x_wconf 93' lang='lat' dir='ltr'>in</span> <span class='ocrx_word' id='word_1_298' title='bbox 997 2219 1147 2257; x_wconf 87' lang='lat' dir='ltr'>duabus</span> <span class='ocrx_word' id='word_1_299' title='bbox 1167 2216 1369 2265; x_wconf 83' lang='lat' dir='ltr'>parochiis</span> <span class='ocrx_word' id='word_1_300' title='bbox 1387 2226 1486 2253; x_wconf 76' lang='lat' dir='ltr'>me·</span> 
     </span>
     <span class='ocr_line' id='line_1_36' title="bbox 151 2268 1478 2319; baseline 0 -12"><span class='ocrx_word' id='word_1_301' title='bbox 151 2268 303 2308; x_wconf 79' lang='lat' dir='ltr'>liorem</span> <span class='ocrx_word' id='word_1_302' title='bbox 317 2294 329 2313; x_wconf 91' lang='lat'><strong>,</strong></span> <span class='ocrx_word' id='word_1_303' title='bbox 344 2281 465 2319; x_wconf 89' lang='lat' dir='ltr'>quam</span> <span class='ocrx_word' id='word_1_304' title='bbox 479 2279 600 2310; x_wconf 87' lang='lat' dir='ltr'>antea</span> <span class='ocrx_word' id='word_1_305' title='bbox 614 2270 798 2311; x_wconf 84' lang='lat' dir='ltr'>fecerant</span> <span class='ocrx_word' id='word_1_306' title='bbox 815 2299 828 2318; x_wconf 94' lang='lat'>‚</span> <span class='ocrx_word' id='word_1_307' title='bbox 843 2271 1035 2311; x_wconf 69' lang='lat' dir='ltr'>afferrent</span> <span class='ocrx_word' id='word_1_308' title='bbox 1048 2269 1335 2318; x_wconf 86' lang='lat' dir='ltr'>probationem</span> <span class='ocrx_word' id='word_1_309' title='bbox 1349 2292 1363 2313; x_wconf 84' lang='lat'>,</span> <span class='ocrx_word' id='word_1_310' title='bbox 1380 2279 1478 2306; x_wconf 83' lang='lat' dir='ltr'>exo-</span> 
     </span>
     <span class='ocr_line' id='line_1_37' title="bbox 157 2320 1428 2376; baseline 0.007 -18"><span class='ocrx_word' id='word_1_311' title='bbox 157 2329 293 2360; x_wconf 87' lang='lat' dir='ltr'>rarunt</span> <span class='ocrx_word' id='word_1_312' title='bbox 306 2320 558 2361; x_wconf 84' lang='lat' dir='ltr'>dilationem</span> <span class='ocrx_word' id='word_1_313' title='bbox 572 2347 586 2366; x_wconf 87' lang='lat'>‚</span> <span class='ocrx_word' id='word_1_314' title='bbox 607 2336 692 2373; x_wconf 84' lang='lat' dir='ltr'>quae</span> <span class='ocrx_word' id='word_1_315' title='bbox 709 2323 803 2363; x_wconf 88' lang='lat' dir='ltr'>data</span> <span class='ocrx_word' id='word_1_316' title='bbox 819 2326 871 2364; x_wconf 89' lang='lat' dir='ltr'>est</span> <span class='ocrx_word' id='word_1_317' title='bbox 888 2353 898 2364; x_wconf 89' lang='lat'><strong>.</strong></span> <span class='ocrx_word' id='word_1_318' title='bbox 1418 2369 1428 2376; x_wconf 66' lang='lat'><em>,</em></span> 
     </span>
    </p>

    <p class='ocr_par' dir='ltr' id='par_1_11' title="bbox 104 2370 1484 2563">
     <span class='ocr_line' id='line_1_38' title="bbox 104 2370 1480 2424; baseline -0.004 -9"><span class='ocrx_word' id='word_1_319' title='bbox 104 2370 287 2415; x_wconf 70' lang='lat' dir='ltr'>Veniunt</span> <span class='ocrx_word' id='word_1_320' title='bbox 303 2386 409 2414; x_wconf 90' lang='lat' dir='ltr'>nunc</span> <span class='ocrx_word' id='word_1_321' title='bbox 428 2405 439 2416; x_wconf 90' lang='lat'><em>.</em></span> <span class='ocrx_word' id='word_1_322' title='bbox 457 2375 514 2413; x_wconf 86' lang='lat' dir='ltr'>Ea</span> <span class='ocrx_word' id='word_1_323' title='bbox 532 2375 712 2421; x_wconf 84' lang='lat' dir='ltr'>allegant</span> <span class='ocrx_word' id='word_1_324' title='bbox 729 2388 840 2424; x_wconf 83' lang='lat' dir='ltr'>‚quae</span> <span class='ocrx_word' id='word_1_325' title='bbox 858 2376 967 2424; x_wconf 85' lang='lat' dir='ltr'>prius</span> <span class='ocrx_word' id='word_1_326' title='bbox 985 2375 1276 2424; x_wconf 78' lang='lat' dir='ltr'>proposuerant</span> <span class='ocrx_word' id='word_1_327' title='bbox 1293 2372 1345 2411; x_wconf 87' lang='lat' dir='ltr'>de</span> <span class='ocrx_word' id='word_1_328' title='bbox 1360 2381 1480 2410; x_wconf 83' lang='lat' dir='ltr'>umo-</span> 
     </span>
     <span class='ocr_line' id='line_1_39' title="bbox 154 2422 1481 2479; baseline 0.001 -20"><span class='ocrx_word' id='word_1_329' title='bbox 154 2422 213 2461; x_wconf 89' lang='lat' dir='ltr'>nis</span> <span class='ocrx_word' id='word_1_330' title='bbox 230 2425 485 2470; x_wconf 75' lang='lat' dir='ltr'>necestitate,</span> <span class='ocrx_word' id='word_1_331' title='bbox 498 2426 626 2477; x_wconf 68' lang='lat' dir='ltr'>‘atque</span> <span class='ocrx_word' id='word_1_332' title='bbox 644 2426 831 2465; x_wconf 84' lang='lat' dir='ltr'>utilitate</span> <span class='ocrx_word' id='word_1_333' title='bbox 844 2455 855 2465; x_wconf 90' lang='lat'><strong>.</strong></span> <span class='ocrx_word' id='word_1_334' title='bbox 877 2427 940 2466; x_wconf 91' lang='lat' dir='ltr'>De</span> <span class='ocrx_word' id='word_1_335' title='bbox 954 2428 1026 2466; x_wconf 89' lang='lat' dir='ltr'>suo</span> <span class='ocrx_word' id='word_1_336' title='bbox 1039 2429 1376 2479; x_wconf 74' lang='lat' dir='ltr'>jurcpatronatus</span> <span class='ocrx_word' id='word_1_337' title='bbox 1393 2431 1481 2460; x_wconf 87' lang='lat' dir='ltr'>am-</span> 
     </span>
     <span class='ocr_line' id='line_1_40' title="bbox 157 2473 1484 2563; baseline -0.001 -49"><span class='ocrx_word' id='word_1_338' title='bbox 157 2474 261 2563; x_wconf 48' lang='lat' dir='ltr'>plhus</span> <span class='ocrx_word' id='word_1_339' title='bbox 287 2478 470 2520; x_wconf 82' lang='lat' dir='ltr'>dubitari</span> <span class='ocrx_word' id='word_1_340' title='bbox 506 2490 586 2518; x_wconf 88' lang='lat' dir='ltr'>non</span> <span class='ocrx_word' id='word_1_341' title='bbox 618 2475 723 2527; x_wconf 83' lang='lat' dir='ltr'>poffe</span> <span class='ocrx_word' id='word_1_342' title='bbox 763 2477 969 2517; x_wconf 87' lang='lat' dir='ltr'>affirmant</span> <span class='ocrx_word' id='word_1_343' title='bbox 998 2506 1007 2516; x_wconf 90' lang='grc'><em>,</em></span> <span class='ocrx_word' id='word_1_344' title='bbox 1051 2477 1196 2518; x_wconf 88' lang='lat' dir='ltr'>Patere</span> <span class='ocrx_word' id='word_1_345' title='bbox 1238 2475 1279 2514; x_wconf 87' lang='lat' dir='ltr'>id</span> <span class='ocrx_word' id='word_1_346' title='bbox 1312 2473 1484 2515; x_wconf 74' lang='lat' dir='ltr'>eviden-</span> 
     </span>
    </p>

    <p class='ocr_par' dir='ltr' id='par_1_12' title="bbox 107 2535 1485 2631">
     <span class='ocr_line' id='line_1_41' title="bbox 162 2535 340 2572; baseline 0.011 -8"><span class='ocrx_word' id='word_1_347' title='bbox 162 2535 197 2564; x_wconf 76' lang='lat' dir='ltr'>ti</span> <span class='ocrx_word' id='word_1_348' title='bbox 229 2539 310 2570; x_wconf 69' lang='lat' dir='ltr'>ime</span> <span class='ocrx_word' id='word_1_349' title='bbox 329 2561 340 2572; x_wconf 82' lang='grc'><em>,</em></span> 
     </span>
     <span class='ocr_line' id='line_1_42' title="bbox 107 2576 1485 2631; baseline 0.007 -16"><span class='ocrx_word' id='word_1_350' title='bbox 107 2576 266 2624; x_wconf 63' lang='lat' dir='ltr'>Verum</span> <span class='ocrx_word' id='word_1_351' title='bbox 282 2586 389 2623; x_wconf 84' lang='lat' dir='ltr'>enim</span> <span class='ocrx_word' id='word_1_352' title='bbox 407 2597 504 2626; x_wconf 84' lang='lat' dir='ltr'>vero</span> <span class='ocrx_word' id='word_1_353' title='bbox 523 2586 684 2626; x_wconf 88' lang='lat' dir='ltr'>nullum</span> <span class='ocrx_word' id='word_1_354' title='bbox 700 2598 851 2626; x_wconf 85' lang='lat' dir='ltr'>novum</span> <span class='ocrx_word' id='word_1_355' title='bbox 887 2594 1199 2626; x_wconf 83' lang='lat' dir='ltr'>monumentum</span> <span class='ocrx_word' id='word_1_356' title='bbox 1213 2608 1228 2631; x_wconf 92' lang='lat'><strong>‚</strong></span> <span class='ocrx_word' id='word_1_357' title='bbox 1261 2591 1307 2624; x_wconf 87' lang='lat' dir='ltr'>ut</span> <span class='ocrx_word' id='word_1_358' title='bbox 1333 2589 1485 2624; x_wconf 77' lang='lat' dir='ltr'>eorum</span> 
     </span>
    </p>
   </div>
   <div class='ocr_carea' id='block_1_6' title="bbox 154 2629 1535 2688">
    <p class='ocr_par' dir='ltr' id='par_1_13' title="bbox 154 2629 1535 2688">
     <span class='ocr_line' id='line_1_43' title="bbox 154 2629 1535 2688; baseline 0.003 -17"><span class='ocrx_word' id='word_1_359' title='bbox 154 2629 342 2672; x_wconf 83' lang='lat' dir='ltr'>defensor</span> <span class='ocrx_word' id='word_1_360' title='bbox 354 2635 475 2679; x_wconf 74' lang='lat' dir='ltr'>facile</span> <span class='ocrx_word' id='word_1_361' title='bbox 487 2639 579 2679; x_wconf 79' lang='lat' dir='ltr'>fieri</span> <span class='ocrx_word' id='word_1_362' title='bbox 591 2637 696 2688; x_wconf 79' lang='lat' dir='ltr'>posse</span> <span class='ocrx_word' id='word_1_363' title='bbox 711 2639 943 2679; x_wconf 83' lang='lat' dir='ltr'>crediderat</span> <span class='ocrx_word' id='word_1_364' title='bbox 959 2663 971 2682; x_wconf 87' lang='lat'>‚</span> <span class='ocrx_word' id='word_1_365' title='bbox 992 2639 1223 2679; x_wconf 85' lang='lat' dir='ltr'>attulerunt</span> <span class='ocrx_word' id='word_1_366' title='bbox 1237 2661 1250 2682; x_wconf 92' lang='lat'><strong>‚</strong></span> <span class='ocrx_word' id='word_1_367' title='bbox 1279 2636 1348 2675; x_wconf 80' lang='lat' dir='ltr'>nisi</span> <span class='ocrx_word' id='word_1_368' title='bbox 1364 2630 1478 2687; x_wconf 84' lang='lat' dir='ltr'>quod</span> <span class='ocrx_word' id='word_1_369' title='bbox 1531 2673 1535 2675; x_wconf 10' lang='lat' dir='ltr'>a</span> 
     </span>
    </p>
   </div>
   <div class='ocr_carea' id='block_1_7' title="bbox 164 2681 1488 2782">
    <p class='ocr_par' dir='ltr' id='par_1_14' title="bbox 164 2681 1488 2782">
     <span class='ocr_line' id='line_1_44' title="bbox 164 2681 1488 2780; baseline 0.018 -71"><span class='ocrx_word' id='word_1_370' title='bbox 164 2681 213 2721; x_wconf 64' lang='lat' dir='ltr'>ad</span> <span class='ocrx_word' id='word_1_371' title='bbox 243 2694 465 2733; x_wconf 85' lang='lat' dir='ltr'>vacantem·</span> <span class='ocrx_word' id='word_1_372' title='bbox 496 2702 626 2747; x_wconf 74' lang='lat' dir='ltr'>nuper</span> <span class='ocrx_word' id='word_1_373' title='bbox 651 2691 890 2746; x_wconf 81' lang='lat' dir='ltr'>parochiam</span> <span class='ocrx_word' id='word_1_374' title='bbox 909 2693 960 2735; x_wconf 78' lang='lat' dir='ltr'>in</span> <span class='ocrx_word' id='word_1_375' title='bbox 985 2691 1151 2735; x_wconf 78' lang='lat' dir='ltr'>Zlotm&#39;ki</span> <span class='ocrx_word' id='word_1_376' title='bbox 1186 2688 1488 2780; x_wconf 49' lang='lat' dir='ltr'>praesentagffi}</span> 
     </span>
     <span class='ocr_line' id='line_1_45' title="bbox 1353 2751 1380 2782; baseline 0.074 -1"><span class='ocrx_word' id='word_1_377' title='bbox 1353 2751 1380 2782; x_wconf 87' lang='lat' dir='ltr'>u</span> 
     </span>
    </p>
   </div>
  </div>
 </body>
</html>
