2035 2969
588 137 637 169 60

172 232 339 279 Sessnn.
369 234 486 281 capas.
528 184 872 271 NEPESINA
904 219 1305 264 CAPELLANIAE.

142 288 190 324 de
202 283 361 330 Reform.

143 599 243 647 Sess.
257 614 321 638 22.
347 606 443 649 capa
454 611 485 635 2.

139 655 187 690 de
195 650 361 700 Reform,

630 284 704 322 An
718 307 730 327 ‚
758 282 800 321 ὠ·
813 273 1352 326 ques-supplicatioficfignancla
1372 305 1383 324 ,
1412 279 1450 315 in
1468 278 1551 325 casu
1568 280 1643 321 &a

628 438 717 479 Esse
733 437 962 491 signandam
978 433 1321 486 supplicationem
1337 436 1589 476 Annunciati
1607 466 1616 476 .

608 596 970 640 ULGINATEN.
1003 594 1214 644 Virginius
1248 594 1406 635 Turehi
1440 595 1553 634 Prior
1572 593 1800 645 Fulginatis
1835 607 1904 633 ec-

619 653 745 692 clefiae
770 679 783 697 ‚
826 651 897 703 qui
924 650 1027 689 obiit
1053 662 1141 686 anno
1173 654 1288 696 1762.
1322 674 1334 694 ‚
1378 650 1665 689 testamentum
1712 647 1896 686 condidit

569 719 659 744 anno
687 716 832 752 1755.5
859 704 1022 743 biennio
1051 703 1132 749 post
1158 701 1375 741 codicillos
1405 701 1507 740 fecit
1525 731 1533 740 .
1580 700 1891 739 Duodenarium

567 758 937 807 praebendariorum
966 757 1006 794 in
1023 755 1194 795 ecclefia
1212 755 1543 794 constituendum
1576 764 1794 793 numerum
1816 755 1889 791 ha·-

568 811 710 850 redem
725 811 906 858 scripfit,
925 809 1049 849 certis
1068 807 1270 857 affignatis
1289 809 1402 846 bouis
1420 837 1429 846 .
1463 807 1636 857 Reliqua
1658 808 1758 844 bona
1777 806 1885 855 lega-

561 862 623 904 vit
639 863 867 904 canonicis.
899 863 1020 903 Plura
1043 862 1080 902 3<
1097 861 1177 899 alia
1194 872 1318 908 parva
1338 886 1350 905 ,
1369 872 1413 899 ac
1433 872 1536 908 pene
1558 857 1724 898 inutilia
1742 857 1882 906 legata

557 917 689 961 fecit,
719 929 764 956 ac
793 924 951 956 certam
982 913 1292 960 eleemosynam
1312 913 1422 961 panis
1461 914 1680 962 quotannis
1701 911 1802 947 stato
1822 911 1890 952 die

556 970 798 1020 pauperibus
814 966 990 1008 distribui
1007 965 1117 1010 juffit
1136 994 1146 1003 .
1169 965 1242 1005 Vir
1262 966 1351 1004 saue
1369 975 1566 1008 moratus,
1585 966 1621 1004 Sc
1644 964 1803 1013 probus,
1823 965 1890 1003 sed

553 1023 614 1062 sui
628 1020 864 1071 patrisnouii
884 1020 962 1069 ipse
980 1017 1125 1056 inscius
1141 1043 1153 1061 ‚
1171 1029 1214 1055 ac
1233 1016 1475 1056 festiviffimi
1494 1019 1658 1066 capitis,
1677 1015 1883 1065 ambiguo,

555 1075 825 1123 &implicato
843 1073 1058 1112 verborum
1078 1070 1254 1108 circuitu
1272 1096 1284 1114 ‚
1317 1079 1359 1109 ut
1382 1082 1458 1108 non
1479 1084 1566 1109 raro
1588 1068 1740 1109 accidit
1759 1093 1771 1112 ‚
1801 1081 1887 1107 am—

555 1126 770 1176 pliffimam
788 1126 929 1165 litium
947 1125 1128 1173 segetem
1148 1121 1320 1174 reliquit
1341 1123 1506 1171 posteris
1523 1148 1536 1167 ‚
1564 1136 1648 1174 quae
1666 1120 1796 1159 adhuc
1814 1136 1878 1161 re-

556 1180 636 1219 cisa
655 1192 732 1218 non
745 1180 822 1219 est.

504 1222 689 1272 Primum
705 1232 868 1271 nomine
889 1256 901 1275 ‚
928 1229 1124 1271 &favore
1144 1226 1312 1275 collegii
1337 1228 1701 1273 praebendariorum
1719 1230 1881 1277 erigen-

555 1285 745 1333 dipetita
763 1286 813 1324 est
844 1283 1068 1321 voluntatis
1105 1279 1380 1318 commutatio
1409 1281 1458 1319 de
1490 1281 1537 1318 iis
1557 1282 1689 1328 parvis
1720 1280 1884 1330 legatis,

557 1349 641 1387 quae
656 1332 836 1374 concessa
855 1333 934 1371 fuit
958 1360 970 1377 ‚
1000 1346 1042 1371 ac
1062 1333 1112 1369 de
1131 1331 1393 1378 eleemosyna
1412 1333 1522 1379 panis
1539 1357 1551 1375 ‚
1566 1333 1672 1381 quod
1693 1341 1887 1382 negatum

558 1390 611 1428 est
629 1419 637 1427 .
657 1387 896 1428 Videndum
920 1384 1119 1431 estfolium
1138 1384 1214 1418 diei
1238 1394 1297 1428 14.
1320 1384 1530 1420 Decembris
1552 1389 1666 1428 1762.

509 1433 671 1480 Interea
689 1440 827 1487 ingens
842 1446 1006 1483 reperta
1023 1437 1075 1473 est
1094 1433 1265 1482 pecunia
1282 1457 1294 1474 ‚
1327 1433 1366 1470 in
1385 1434 1531 1472 scrinio
1552 1435 1754 1474 testatoris
1771 1447 1887 1482 repo-

555 1493 627 1529 fita
643 1515 655 1534 ‚
673 1502 757 1541 quae
777 1487 1069 1535 patrimonium
1085 1509 1097 1527 ‚
1119 1486 1155 1521 Sc
1173 1486 1545 1523 controversiarum
1564 1489 1722 1525 causam
1742 1488 1852 1526 auxit
1868 1517 1879 1525 .

560 1542 606 1580 Iu
625 1542 733 1590 spem
752 1538 846 1576 inde
875 1546 1075 1576 venerunt
1107 1536 1180 1583 piae
1198 1534 1343 1571 domus
1368 1538 1604 1584 orphanaram
1623 1561 1636 1579 ‚
1671 1540 1708 1577 ἃ
1736 1541 1888 1578 mulie—

561 1605 650 1632 rum
663 1594 910 1642 poenitentium
929 1588 1111 1637 Fulginei
1130 1612 1141 1630 ,
1158 1586 1333 1630 alicujus
1349 1588 1580 1626 obtinendae
1599 1590 1724 1636 partis
1744 1614 1755 1631 ,
1779 1603 1886 1628 eamn

594 1657 642 1685 ue
673 1645 740 1682 fibi
771 1642 830 1680 uti
864 1640 1101 1690 pauperibus
1131 1637 1305 1676 dandam
1324 1638 1601 1687 supplicarunt
1621 1670 1630 1679 .
1663 1642 1813 1680 Ac‘tum
1831 1643 1884 1680 est

564 1660 615 1736 ge
646 1695 707 1734 his
727 1694 910 1743 precibus
941 1695 999 1730 die
1025 1707 1081 1740 14.
1112 1691 1291 1740 Januarii
1315 1691 1651 1741 elapstanni1764.
1682 1693 1758 1732 Sed
1791 1707 1887 1732 cum

568 1748 701 1789 adhuc
719 1747 861 1786 cuncta
882 1745 1070 1794 indigesta
1089 1743 1170 1781 visa
1187 1742 1313 1780 effeut
1334 1766 1346 1785 ‚
1376 1756 1424 1781 ac
1441 1756 1524 1783 rem
1544 1757 1706 1783 omnem
1727 1772 1738 1790 ‚
1768 1747 1881 1784 fimul

565 1813 659 1839 cum
678 1801 771 1839 aliis
791 1797 989 1837 uberrime
1020 1793 1360 1835 succrescentibus
1380 1796 1521 1835 litibus
1541 1824 1553 1843 ,
1584 1797 1880 1836 conficiendam

567 1866 646 1892 uno
663 1851 737 1891 esse
757 1861 943 1898 tempore
958 1850 1185 1887 existimatu
1195 1860 1228 1884 m
1261 1844 1387 1885 fuerit
1404 1873 1416 1892 ,
1445 1850 1535 1887 hinc
1550 1849 1883 1898 opportuniffime

567 1905 807 1954 rescriptum
826 1905 877 1942 est
895 1915 903 1940 ε
930 1902 1046 1939 dilata
1063 1926 1073 1944 ‚
1096 1905 1360 1949 &proponatur
1373 1913 1446 1938 una
1464 1916 1541 1939 cam
1555 1903 1672 1940 altera
1686 1915 1763 1939 cura
1779 1907 1879 1940 novis

567 1958 716 1997 dubiis‚·
746 1969 790 1995 ac
809 1956 950 1994 datum
985 1957 1033 1994 est
1065 1955 1270 1991 secretario
1296 1977 1308 1995 ,
1344 1962 1386 1990 ut
1421 1954 1445 1991 fi
1477 1964 1611 2002 partes
1641 1955 1691 1993 de
1718 1955 1883 1993 haeredi-

564 2009 664 2048 tatis
690 2010 790 2048 statu
828 2020 903 2046 non
932 2008 1200 2046 convenirent
1220 2028 1231 2047 ‚
1261 2003 1378 2042 illum
1406 2018 1475 2052 per
1492 2009 1675 2050 curiam,
1707 2008 1875 2046 monitis

565 2062 753 2100 omnibus
770 2087 782 2106 ‚
824 2061 1077 2109 purgandum
1110 2084 1122 2104 ‚
1170 2069 1213 2096 ac
1249 2057 1605 2098 transmittendum
1639 2058 1848 2098 mandaret
1864 2073 1879 2099 5

566 2113 909 2163 quemadmodum
940 2112 1088 2152 facium
1117 2111 1195 2151 est,
1226 2109 1458 2149 Videndum
1489 2113 1541 2151 est
1557 2112 1690 2159 solium
1719 2112 1793 2147 diei
1814 2126 1875 2159 17.

568 2167 776 2205 Decembris
804 2181 817 2205 1
830 2171 918 2211 763.

510 2214 657 2256 Parata
677 2231 779 2257 nunc
813 2218 860 2257 ad
878 2219 1035 2256 causam
1053 2215 1267 2255 finiendam
1299 2216 1384 2253 sunt
1404 2217 1559 2255 omnia.
1594 2215 1877 2263 Multiplicem

562 2270 817 2320 quaestionem
836 2277 1062 2319 proponunt
1081 2277 1212 2317 partes
1231 2293 1242 2309 ‚
1262 2278 1435 2318 quatuor
1451 2269 1649 2316 capitibus
1666 2269 1873 2306 communi

559 2322 747 2361 consensu
770 2323 1102 2362 comprehensam
1117 2351 1130 2361 ,.
1165 2321 1207 2358 In
1228 2320 1256 2358 I.
1287 2320 1419 2367 agitur
1452 2321 1499 2359 de
1518 2319 1668 2367 praediis
1700 2320 1729 2356 il
1744 2319 1873 2357 molino

556 2375 613 2410 de’
625 2375 720 2422 frati
736 2400 749 2419 ‚
765 2376 1021 2425 'ilpalmmlwzrm
1036 2390 1051 2412 e
1067 2375 1102 2410 la
1122 2373 1247 2420 maest&
1265 2373 1440 2418 :ie'finzti,
1461 2373 1508 2411 ad
1528 2385 1647 2421 quem
1662 2373 1841 2410 suefrent
1858 2402 1869 2413 ,

557 2424 600 2463 In
620 2427 669 2465 ΙΙ.
704 2425 755 2466 de
785 2428 957 2478 gemmis
977 2453 988 2468 ,
1019 2429 1055 2465 &
1088 2424 1267 2473 argentis
1285 2450 1298 2468 ‚
1332 2437 1375 2462 ac
1396 2426 1444 2463 de
1477 2423 1644 2471 pecunia
1676 2434 1834 2472 reperta
1853 2456 1865 2465 .

560 2476 604 2516 In
627 2477 700 2517 111.
728 2481 778 2518 de
808 2492 978 2519 numero
1008 2489 1203 2518 novarum
1241 2477 1538 2523 praebendarum
1566 2477 1870 2519 constituendo.

557 2528 601 2564 1¹1
624 2529 691 2570 IV.
720 2532 768 2570 de
787 2532 909 2571 modo
927 2530 1225 2572 com'mutandae
1254 2528 1478 2566 voluntatis
1494 2558 1503 2566 .
1538 2528 1597 2566 Ad
1616 2531 1774 2566 causam
1804 2542 1872 2569 ve·-

559 2580 675 2618 niunt
703 2584 913 2628 canonici,
955 2582 1177 2632 collegium
1211 2580 1570 2632 praebendariorum
1600 2581 1868 2630 erigendum,

555 2643 600 2670 ac
619 2644 811 2680 pauperes
828 2635 1012 2673 civitatis
1029 2661 1040 2679 ,
1063 2635 1170 2673 inter
1186 2646 1283 2686 quos
1297 2633 1423 2671 etiam
1440 2635 1677 2682 orphanarum
1695 2658 1709 2678 ‚
1728 2643 1862 2683 aepoe‘

549 2687 740 2723 nitentium
762 2686 980 2725 mulierum
996 2687 1081 2725 duae
1099 2686 1240 2727 domus
1272 2685 1475 2724 censendae
1489 2685 1577 2724 sunt
1596 2716 1606 2725 .
1832 2734 1848 2773 Ι

1749 2736 1813 2775 De
1853 2766 1864 2777 .
