1986 2996
653 160 818 215 10.Maji
838 165 951 208 1766.
1416 175 1469 212 95

152 212 260 262 filum
276 222 360 247 vero
376 212 414 247 in
428 210 594 249 Patriam
609 215 767 250 reditum
782 239 793 257 ‚
807 216 846 250 ob
862 217 1018 263 egregias
1037 217 1150 252 animi
1174 217 1270 255 dotes
1301 220 1464 254 unanimi

153 262 275 314 populi
292 262 453 312 consensu
471 286 483 306 ‚
515 265 557 306 &¹
570 269 663 301 votis
681 267 729 301 ad
731 266 873 313 summa
889 279 1032 315 quaeque
1046 267 1155 315 officia
1171 294 1182 312 ‚
1214 282 1465 318 muneraqua,

150 314 266 363 fuiffe
276 324 471 362 promotum
484 341 497 358 ‚
528 319 565 352 in
579 319 704 364 quibus
715 317 856 367 semper
881 320 1200 366 intrepidumfi'a'ei
1218 346 1231 365 ,
1266 320 1467 367 libertatis,

157 370 202 411 (ἔγ
213 365 366 420 justitias
382 368 602 416 defensorem
625 370 667 417 se
689 370 733 418 se
749 372 914 409 exhibuit
928 395 940 412 ,
972 372 1018 406 de
1047 375 1176 419 optima
1206 382 1288 409 nota
1315 382 1390 409 tam
1409 377 1463 417 in,

156 432 262 470 quam
276 429 380 459 extra
396 420 562 457 Patriam
574 423 833 461 commendatas
850 448 861 466 ‚
879 423 966 458 adeo
978 432 1019 460 ut
1031 424 1110 460 boni
1126 437 1238 462 omnes
1254 424 1465 463 condoleant

156 471 417 519 adversae-sorti
433 497 445 516 ‚
461 486 529 522 qua
548 478 678 513 exortis
697 474 816 524 aliquo
833 475 959 512 abhinc
973 484 1124 523 tempore
1148 480 1186 512 in
1216 478 1347 514 Patria
1354 476 1464 523 sua..-

155 522 366 562 turbolentis
382 523 596 574 quibusdam
609 526 730 578 populi
744 527 1041 569 commotionibus,
1051 530 1256 576 graviffima
1272 532 1311 564 in
1327 528 1461 576 officiis,

155 576 339 614 honoribus
357 599 369 618 ,
398 578 544 621 &bonis
559 579 808 627 temporalibus
832 578 1012 627 perpeffits
1042 580 1089 627 est
1119 582 1251 618 damna
1265 609 1274 618 .
1304 580 1461 626 Rosam.-

153 628 419 676 frlagdalenam
437 630 520 666 dein
535 630 637 679 ipsius.
654 629 838 681 conjugem
862 633 980 669 aetatis
1001 643 1059 673 50.
1093 645 1263 668 annorum
1284 632 1357 679 effe
1384 645 1465 668 mic-

156 681 279 721 lierem
290 684 389 728 piam
399 706 410 723 ‚
427 683 595 720 devotam
609 705 621 724 ‚
631 683 772 730 fereper
784 684 995 744 constargcem
1009 687 1046 719 in
1056 684 1251 732 profeffione
1268 684 1464 724 Ortodoxae

156 734 269 773 Fidei
283 757 295 776 ‚
316 735 358 776 ἐπ’
374 734 407 771 S
409 734 591 781 anetifflma
606 735 844 774 Sacramenta
860 735 1000 784 aliaque
1013 737 1156 775 Divina
1169 737 1296 774 devote
1311 761 1322 779 ‚
1345 738 1387 778 ὠ·
1403 735 1465 772 di-

161 784 712 834 ligenterfrequentaresolitam
725 817 734 826 .
761 789 901 835 Dignos
913 787 1061 834 proinde
1074 788 1143 834 effe
1160 788 1277 836 censeo
1306 789 1363 824 hos
1379 800 1462 824 con-

153 836 263 889 juges
291 862 304 880 ‚
345 846 389 874 ut
419 850 538 875 eorum
560 847 680 886 preces
710 841 953 876 exaudiantur
981 863 993 881 ,
1040 841 1082 883 &⁴
1106 849 1171 887 per
1199 839 1461 887 rteceffizriam.»

157 890 265 926 Sedis
279 887 495 936 Apostolicae
511 890 805 938 dispensationem
825 914 837 932 ‚
872 889 1118 936 &facultates
1135 893 1183 926 ad
1198 891 1458 939 Monasterium

160 941 435 989 ingrediendum
450 963 462 983 ‚
484 945 613 991 virque
624 950 689 989 per
702 943 1001 990 dispensationem
1020 941 1132 991 super
1145 941 1457 989 irregularitate„-

159 996 270 1030 etiam
282 993 330 1027 ad
344 990 483 1040 effefiius
501 993 630 1030 Sacros
648 995 806 1032 Ordines
828 1019 839 1038 ,
877 1004 919 1037 :y
937 993 1227 1032 presbiteratum
1234 993 1418 1043 suscipien
1426 994 1465 1029 di

159 1044 398 1085 habilitentur
413 1074 423 1087 ,
1454 1058 1476 1063 «ν

105 1099 144 1138 D
159 1095 471 1145 eirregularitate
484 1123 496 1142 ,
527 1105 685 1136 certum
703 1099 756 1136 est
769 1097 956 1136 contrahi
974 1097 1020 1134 ab
1039 1096 1105 1140 iis,
1121 1096 1187 1147 qui
1207 1109 1373 1135 munera
1390 1108 1462 1146 pu-

155 1150 192 1191 bl
202 1150 261 1191 ica
278 1147 479 1198 gesserunt
496 1174 507 1193 ‚
535 1149 749 1195 speciatim
779 1150 804 1187 fi
837 1150 887 1188 de
917 1148 1133 1187 criminum
1169 1149 1460 1197 quaestionibus,

156 1202 373 1250 multoque
391 1201 517 1249 magis
533 1201 558 1238 fi
573 1200 623 1240 de
639 1202 774 1250 capite
792 1200 1073 1247 judicaverint
1093 1229 1101 1237 .
1120 1199 1163 1238 In
1181 1214 1257 1237 can.
1277 1201 1398 1249 fiquis
1419 1206 1454 1240 8.

158 1254 309 1305 dist.50.
334 1253 544 1297 statuitur:
565 1254 597 1302 st
611 1256 689 1301 quis
718 1256 868 1292 viduam
884 1277 896 1295 ‚
932 1260 996 1289 aut
1010 1253 1053 1288 ab
1067 1253 1136 1287 alio
1166 1252 1328 1289 reliffam
1343 1254 1462 1290 duxe-

159 1310 211 1348 rit
226 1328 239 1348 ‚
267 1318 333 1342 non
347 1307 567 1342 admittatur
580 1307 628 1342 ad
654 1306 787 1344 clerum
799 1331 810 1351 ‚
837 1305 962 1355 quodsi
989 1303 1175 1352 irrepserit
1191 1328 1203 1348 ‚
1235 1301 1434 1356 dejiciatur
1450 1333 1460 1344 .

163 1357 353 1401 Similiter
359 1358 392 1407 si
406 1359 597 1397 homicidio
609 1383 621 1402 ‚
640 1358 805 1405 autfacio
819 1382 832 1400 ‚
851 1367 914 1395 aut
927 1365 1097 1405 praecepto
1113 1380 1124 1399 ‚
1141 1365 1205 1393 aut
1219 1357 1353 1405 confilio
1370 1381 1381 1400 ‚
1398 1365 1462 1393 aut

158 1409 356 1461 defensione
379 1409 450 1458 post
482 1409 693 1460 baptismum
706 1411 858 1458 conscius
867 1410 988 1456 fuerit
1001 1435 1013 1453 ,
1031 1411 1072 1455 εἷς’
1080 1417 1144 1455 per
1156 1407 1314 1456 aliquam
1323 1409 1454 1456 subre-

152 1467 310 1517 ptionem
323 1463 371 1499 ad
384 1462 595 1503 clericatum
622 1466 763 1502 venerit
778 1489 790 1508 ,
820 1460 1018 1514 dejiciatur
1032 1490 1042 1499 .
1077 1459 1209 1499 Gloss,
1246 1459 1284 1497 in
1304 1460 1462 1508 verbosi

159 1519 236 1566 quis
271 1514 402 1563 inquit
412 1512 534 1566 judex
553 1538 565 1557 ,
593 1525 761 1553 executor
777 1541 788 1560 ,
819 1513 1013 1562 &affeffor
1026 1517 1064 1549 in
1075 1512 1183 1559 causis
1216 1511 1461 1550 criminalibus

157 1581 223 1605 non
233 1566 371 1615 poffunt
380 1571 581 1615 promoveri
593 1595 602 1607 ,
620 1567 671 1604 Et
691 1568 811 1606 verbo
825 1577 888 1609 aut
896 1574 1067 1615 praecepto
1080 1562 1255 1610 explicat
1269 1575 1309 1601 ut
1321 1565 1436 1608 judex
1449 1591 1459 1602 .

112 1619 265 1663 Itidem
291 1618 550 1660 Innocentius
578 1618 615 1656 in
641 1633 718 1657 can.
730 1617 932 1668 aliquantos
954 1631 983 1655 1.
1017 1617 1095 1663 dist.
1129 1626 1191 1657 51.
1213 1615 1368 1664 inquit:
1387 1615 1459 1652 ali-

157 1680 303 1724 quantos
322 1683 367 1707 ex
397 1671 449 1711 his
468 1695 480 1715 ‚
509 1674 571 1719 qui
600 1672 671 1719 post
697 1680 876 1720 acceptam
904 1669 1068 1718 baptismi
1089 1670 1248 1715 gratiam
1275 1672 1312 1705 in
1331 1667 1470 1716 forensi·

155 1726 415 1765 exercitatione
429 1722 566 1770 versati
574 1723 665 1770 sunt
680 1748 690 1767 ,
707 1726 751 1771 (ἔγ
765 1724 947 1760 obtinendi
956 1723 1192 1769 pertinaciam
1209 1720 1461 1769 susceperunt,

155 1778 283 1817 accitos
297 1775 344 1811 ad
357 1776 612 1813 Sacerdotium
628 1775 695 1823 effe
708 1779 936 1825 comperimus
953 1786 961 1812 t
980 1773 1177 1821 aliquantos
1194 1784 1238 1808 ex
1252 1772 1463 1816 curialibus,

156 1830 218 1879 qui
230 1828 314 1864 dum
324 1836 495 1879 parerent
504 1827 731 1876 potestatibus
750 1854 761 1872 ‚
791 1828 960 1877 quaefunt
979 1827 1048 1875 stbi
1074 1828 1247 1872 imperata
1274 1824 1460 1869 fecerunt,

158 1893 304 1932 quorum
318 1883 474 1919 omnium
490 1883 664 1917 neminem
692 1882 741 1917 ad
743 1880 956 1928 societatem
983 1878 1128 1927 quidem
1153 1878 1287 1913 ordinis
1317 1876 1464 1914 clerico-

158 1946 238 1973 rum
253 1941 454 1982 oportuerat
465 1935 654 1980 pervenire
667 1962 675 1971 .
708 1932 760 1970 Et
777 1932 953 1980 explicat
972 1929 1089 1978 gloss.
1120 1929 1294 1968 dicuntur
1311 1938 1463 1967 autem..-

158 1983 260 2033 large
277 1983 430 2024 curiales
443 1997 554 2023 omnes
570 2010 581 2029 ‚
598 1988 658 2032 qui
673 1984 790 2034 aliquo
807 1985 905 2020 modo
909 1983 998 2030 sunt
1014 1980 1163 2028 obligati
1180 1984 1288 2019 curiae
1304 2005 1316 2023 ‚
1344 1981 1465 2026 five-,2

160 2037 290 2075 milites
303 2058 315 2077 ‚
322 2035 399 2084 five
412 2036 579 2074 advocati
584 2035 755 2083 forenses,
766 2033 1012 2084 sivejudices,
1021 2034 1100 2077 five
1112 2032 1254 2078 officiati
1272 2059 1281 2069 .
1307 2031 1356 2068 Et
1373 2042 1463 2068 ver-

157 2089 207 2130 bo
220 2089 268 2125 ad
273 2087 521 2136 sacerdotium
540 2099 549 2123 τ
582 2089 793 2135 quicumque
812 2086 890 2131 fuit
907 2083 1116 2130 accusator,
1147 2091 1211 2117 aut
1239 2083 1435 2117 advocatus
1449 2104 1463 2124 ‚

158 2151 220 2181 aut
221 2138 344 2192 judex
361 2164 372 2183 ,
401 2148 463 2177 aut
476 2139 569 2186 testis
584 2163 596 2182 ,
624 2137 685 2177 vel
695 2140 804 2175 etiam
818 2139 977 2175 notarius
1005 2137 1042 2172 in
1057 2133 1162 2183 causa
1180 2131 1370 2180 sanguinis
1396 2144 1463 2171 non

158 2192 266 2242 potest
274 2193 473 2241 promoveri
492 2219 501 2230 .
1228 2233 1235 2239 ,

110 2243 203 2285 Non
218 2252 354 2286 autem
371 2242 400 2280 ii
418 2253 463 2283 ex
479 2239 631 2281 delifto
663 2247 850 2279 arcentur
868 2263 881 2281 ‚
910 2236 1107 2276 delistum
1124 2243 1281 2274 etenim
1302 2245 1377 2272 non
1413 2234 1466 2273 est

160 2307 326 2336 munera
339 2294 570 2341 reipublicae,
586 2303 751 2341 gerere:
781 2291 838 2329 ait
856 2290 964 2329 enim
983 2288 1092 2327 idem
1113 2287 1249 2324 Innoc.
1270 2297 1460 2332 canon.41.

164 2347 281 2393 causa
292 2360 323 2389 3·
339 2347 451 2396 quaest.
471 2359 509 2394 4.
529 2357 537 2381 t
555 2345 730 2393 quaesttum
742 2343 789 2391 est
805 2343 1028 2389 etiamsaper
1041 2343 1086 2378 iis
1104 2364 1116 2383 ,
1145 2340 1205 2388 qui
1233 2338 1306 2386 post
1332 2337 1483 2388 baptis--

165 2411 258 2436 mum
285 2399 623 2444 administraverant
637 2421 649 2439 ,
679 2406 743 2433 aut
771 2404 943 2434 tormenta
963 2391 1067 2439 saeva
1098 2399 1339 2428 exercuerunt
1352 2411 1366 2431 2
1403 2398 1467 2426 aut

165 2453 275 2487 etiam
300 2442 487 2498 capitalem
509 2448 736 2496 protulerunt
757 2446 977 2493 sententiam
993 2473 1001 2481 .
1024 2442 1148 2481 Nihil
1165 2443 1210 2478 de
1236 2443 1295 2478 his
1313 2440 1461 2488 legimus

166 2515 186 2539 a
222 2499 411 2552 majoribus
436 2501 651 2547 definitum:
675 2500 911 2536 meminerant
939 2498 1031 2532 enim
1049 2507 1081 2530 -a
1098 2493 1374 2542 Deopotestates
1404 2495 1465 2530 has

158 2553 266 2601 fuiffe
284 2553 451 2600 conceffas
471 2578 484 2597 ‚
502 2555 544 2596 ἐφ’
556 2561 697 2601 propter
711 2549 908 2587 vindiciam
923 2549 1108 2584 noxiorum
1117 2545 1286 2593 gladium
1313 2543 1464 2591 fuiffe-s·

160 2608 295 2655 permib,
307 2618 364 2641 um
380 2628 391 2646 ,
411 2608 452 2647 <³³³
467 2607 540 2641 Dei
554 2602 744 2650 ministerio
777 2599 836 2647 eff
829 2613 846 2638 e
861 2602 985 2636 datum
998 2601 1034 2634 in
1051 2595 1258 2649 hujusmrdi
1279 2597 1438 2634 vindices
1454 2625 1465 2635 .

168 2657 388 2705 Soiumque
405 2655 442 2692 id
461 2654 622 2694 clericis
642 2659 837 2692 vetarunt
865 2661 1037 2689 canones
1054 2673 1066 2692 ‚
1094 2656 1139 2689 ut
1172 2648 1212 2687 in
1233 2648 1464 2687 Tarracinen.

164 2711 238 2750 diei
264 2722 318 2757 19.
338 2708 490 2756 Aprilis
505 2706 687 2755 proxime
703 2704 805 2754 elapst
821 2711 856 2747 π.
877 2703 1016 2742 Verum
1029 2704 1216 2741 enimvero
1232 2727 1243 2740 2
1391 2749 1418 2788 S
1447 2750 1472 2789 d

1425 2762 1445 2789 C
