2035 2969
482 108 704 192 Uggatem
720 145 869 182 melius
889 141 1147 190 intelligatur
1174 140 1272 189 quid
1303 139 1488 184 voluerit
1505 141 1671 185 testator
1689 143 1766 186 ‚suis
1785 153 1877 179 ver·

532 200 590 244 bis
612 202 735 236 nativi
751 198 789 233 di
804 196 966 238 Galam,
986 193 1207 237 videndum
1226 204 1274 230 an
1296 192 1412 237 Villa
1433 191 1645 243 Petrojae,in
1661 208 1736 244 qna
1755 203 1870 232 natus

532 253 586 290 cst
600 254 818 291 Emmaus,
835 247 881 292 fit
897 258 994 284 vere
1014 245 1052 282 in
1070 243 1263 283 teritorio
1282 244 1492 292 ‚Eugubino
1510 245 1682 286 ,scilicet
1701 258 1866 285 univer—

531 304 655 342 fitate
678 310 870 350 agrorum
890 299 997 337 intra
1012 296 1107 335 fines
1128 298 1215 342 ejus
1234 296 1421 335 civitatis
1442 321 1454 339 ‚
1472 304 1516 333 ut
1534 296 1676 335 definit
1694 298 1869 346 Pompo-

532 356 641 398 nius,
658 354 727 403 qui
743 351 848 397 dixit
863 363 873 388 t
904 353 1130 388 territorium
1147 350 1193 398 est
1207 349 1419 396 universttax
1437 361 1602 396 agrorum
1629 352 1727 386 intra
1746 353 1859 395 fines,

532 405 701 458 cujusque
717 404 994 451 ci·vitatis‚quod
1009 404 1052 439 ab
1068 415 1105 438 eo
1124 403 1260 444 diffum
1277 402 1425 450 quidam
1446 399 1863 450 ajunt‚quodMagistra-

531 470 587 498 tux
605 456 680 507 ejus
695 458 764 501 loci
778 460 876 493 intra
892 468 944 492 eos
956 454 1051 500 fines
1064 455 1224 492 terrendi
1243 455 1288 496 id
1305 454 1351 502 est
1355 454 1596 502 submovendi
1617 453 1681 506 jus
1697 456 1825 490 habent
1847 477 1865 497 ,-

531 511 656 558 1.239.
689 512 734 547 de
753 509 852 546 verb.
884 507 1007 557 fignis.
1024 520 1038 547 ,-
1064 507 1131 546 seu
1165 507 1303 555 potius
1331 505 1527 554 oppidum
1561 506 1606 543 fit
1638 506 1860 554 Eugubinae

532 563 716 604 dioecefis
731 588 744 606 ,
777 559 887 612 quod
908 559 985 605 suis
1003 559 1189 609 legibus,
1219 561 1289 598 sno
1309 557 1427 597 censu
1443 583 1455 603 ‚
1485 558 1524 597 Sc
1542 557 1612 596 suo
1626 558 1869 608 magistratu.

530 617 646 656 vivat
667 643 678 653 .
713 614 928 659 Summum
946 612 1032 658 ejus
1050 612 1111 650 rei
1130 611 1351 650 discrimen
1377 612 1429 650 est
1444 639 1452 649 .

482 670 689 709 Caeterum
706 666 745 704 in
760 668 832 704 hac
849 664 1022 704 materia
1037 664 1286 713 distinguunt
1303 663 1442 708 juristae
1459 673 1549 701 earn
1567 688 1581 706 ‚
1612 674 1697 714 quae
1716 663 1859 707 odium

531 722 581 760 ab
594 732 641 759 ea
653 743 667 767 2
696 731 778 770 quae
791 716 975 757 favorem
988 715 1153 767 respicit
1168 745 1177 755 .
1210 717 1346 763 Prima
1371 715 1589 754 arffiorem
1607 740 1618 761 ,
1648 715 1854 753 secundae,

531 773 725 812 latiorem
757 770 1146 818 interpretationem
1175 769 1323 816 recipit
1340 797 1350 806 .
1385 766 1566 807 Videndi
1606 767 1697 805 sunt
1731 766 1868 811 inter,-

534 822 784 873 pretesjuris
801 848 814 867 ‚
849 823 916 874 qui
933 835 1073 876 ear—um
1097 822 1235 871 legum
1265 823 1386 860 verba
1409 821 1615 869 explicant
1636 844 1650 864 ‚
1680 831 1724 857 ac
1741 818 1859 857 Di).-

538 877 607 928 qui
631 875 682 921 de
699 878 775 914 hac
794 874 1049 914 distinctione
1068 875 1323 922 permanant
1339 902 1348 919 ,

485 930 550 977 De
568 941 617 967 eo
636 939 733 972 vero
748 951 761 971 ‚
780 926 886 977 quod
901 926 1066 974 respicit
1083 927 1220 966 casum
1234 951 1245 971 ‚
1275 926 1324 964 de
1341 937 1420 974 quo
1434 926 1568 974 agitur
1583 951 1595 969 ‚
1635 935 1784 970 nempe
1800 922 1853 962 de

537 979 808 1020 confirmanda
840 978 1121 1018 nominatione
1146 980 1231 1024 jam
1261 976 1366 1016 facta
1381 1002 1394 1022 ‚
1420 986 1613 1017 exorante
1644 985 1816 1024 patrono
1836 999 1852 1019 ‚

535 1034 573 1073 &
588 1031 874 1070 consentiente
888 1030 1084 1079 Episcopo
1099 1057 1112 1078 ,
1125 1043 1169 1069 ac
1186 1031 1301 1070 nullo
1318 1055 1329 1073 ‚
1347 1030 1416 1080 qui
1432 1032 1493 1075 jus
1508 1038 1670 1068 certum
1688 1029 1855 1070 habeat,

535 1083 848 1124 contradicente
865 1108 878 1127 ,
909 1083 1213 1130 ponderandum
1229 1109 1242 1129 ,
1260 1095 1309 1121 an
1339 1094 1393 1121 eae
1410 1080 1723 1121 circumstantis:
1752 1091 1856 1119 nunc

535 1138 662 1176 adsint
675 1161 688 1181 ‚
718 1147 763 1179 ea
781 1136 881 1181 bona
898 1135 994 1174 fides
1008 1145 1106 1181 ante
1121 1133 1411 1181 intercesserit,
1428 1143 1474 1173 ut
1491 1134 1637 1174 misero
1655 1158 1666 1176 ,
1684 1131 1750 1181 qui
1783 1133 1859 1169 hac

509 1230 510 1233 Ἴ
537 1187 816 1235 nominatione
833 1187 997 1226 ordines
1016 1188 1188 1236 suscepit
1203 1212 1216 1232 ,
1243 1199 1289 1227 ex
1303 1186 1535 1234 Apostolica
1565 1184 1863 1233 benignitate,

534 1241 583 1286 fit
605 1239 924 1280 succurrendum
941 1268 950 1278 .
981 1238 1191 1288 Qaeritur

502 1289 532 1329 1.
561 1292 635 1328 An
663 1293 822 1335 Clericus
849 1292 1064 1327 Benedifzus
1089 1294 1262 1333 Brunetti
1284 1294 1444 1338 potuerit
1473 1291 1634 1338 legitime
1664 1289 1864 1330 nominari,

594 1345 639 1385 ὡ·
663 1342 804 1397 institui
828 1341 878 1383 ad
906 1339 1180 1395 Capellaniam,
1213 1341 1258 1376 de
1288 1353 1357 1389 qua
1385 1345 1505 1387 agitur
1533 1362 1548 1382 ‚
1590 1342 1627 1378 &
1655 1348 1863 1389 quatenus

595 1406 618 1431 ι]
677 1401 763 1431 at1v

491 1441 543 1484 ΙΙ,
569 1403 980 1546 Ajgstycofifitlendum
1006 1443 1395 1486 SANCTISSIMO
1416 1453 1484 1493 pro
1497 1446 1629 1490 gratia
1652 1441 1873 1490 sanationis,

593 1510 632 1535 an
652 1510 692 1535 cn
713 1510 737 1534 u
755 1508 827 1540 :Jc³
