<?xml version="1.0" encoding="UTF-8"?>
<!DOCTYPE html PUBLIC "-//W3C//DTD XHTML 1.0 Transitional//EN"
    "http://www.w3.org/TR/xhtml1/DTD/xhtml1-transitional.dtd">
<html xmlns="http://www.w3.org/1999/xhtml" xml:lang="en" lang="en">
 <head>
  <title>
</title>
<meta http-equiv="Content-Type" content="text/html;charset=utf-8" />
  <meta name='ocr-system' content='tesseract 3.04.00' />
  <meta name='ocr-capabilities' content='ocr_page ocr_carea ocr_par ocr_line ocrx_word'/>
</head>
<body>
  <div class='ocr_page' id='page_1' title='image "./thesaurusresolut34cath_0145.png"; bbox 0 0 1981 2964; ppageno 0'>
   <div class='ocr_carea' id='block_1_1' title="bbox 69 162 1453 1309">
    <p class='ocr_par' dir='ltr' id='par_1_1' title="bbox 122 162 1447 320">
     <span class='ocr_line' id='line_1_1' title="bbox 598 162 1447 213; baseline 0.004 -11"><span class='ocrx_word' id='word_1_1' title='bbox 598 175 634 207; x_wconf 81' lang='lat'><strong>3.</strong></span> <span class='ocrx_word' id='word_1_2' title='bbox 654 162 820 213; x_wconf 79' lang='lat' dir='ltr'><em>Augusti</em></span> <span class='ocrx_word' id='word_1_3' title='bbox 839 168 950 211; x_wconf 84' lang='lat'>1765.</span> <span class='ocrx_word' id='word_1_4' title='bbox 1375 181 1447 212; x_wconf 63' lang='grc' dir='ltr'><strong>ης</strong></span> 
     </span>
     <span class='ocr_line' id='line_1_2' title="bbox 122 214 1442 266; baseline 0.006 -14"><span class='ocrx_word' id='word_1_5' title='bbox 122 215 338 254; x_wconf 73' lang='lat' dir='ltr'><strong>eommodo</strong></span> <span class='ocrx_word' id='word_1_6' title='bbox 355 240 366 259; x_wconf 92' lang='lat'>,</span> <span class='ocrx_word' id='word_1_7' title='bbox 394 214 473 255; x_wconf 80' lang='lat' dir='ltr'><strong>five</strong></span> <span class='ocrx_word' id='word_1_8' title='bbox 488 216 682 266; x_wconf 82' lang='lat' dir='ltr'><strong>augendis</strong></span> <span class='ocrx_word' id='word_1_9' title='bbox 698 217 895 256; x_wconf 78' lang='lat' dir='ltr'>reditibus</span> <span class='ocrx_word' id='word_1_10' title='bbox 911 216 1037 266; x_wconf 84' lang='lat' dir='ltr'><strong>mensae</strong></span> <span class='ocrx_word' id='word_1_11' title='bbox 1065 229 1135 265; x_wconf 86' lang='lat' dir='ltr'><strong>per</strong></span> <span class='ocrx_word' id='word_1_12' title='bbox 1152 218 1190 258; x_wconf 89' lang='lat' dir='ltr'><strong>se</strong></span> <span class='ocrx_word' id='word_1_13' title='bbox 1218 221 1442 260; x_wconf 75' lang='lat' dir='ltr'><strong>consulms-</strong></span> 
     </span>
     <span class='ocr_line' id='line_1_3' title="bbox 122 267 1445 320; baseline 0.006 -15"><span class='ocrx_word' id='word_1_14' title='bbox 122 268 162 305; x_wconf 89' lang='lat' dir='ltr'><strong>se</strong></span> <span class='ocrx_word' id='word_1_15' title='bbox 182 267 422 316; x_wconf 72' lang='lat' dir='ltr'>Episcopum</span> <span class='ocrx_word' id='word_1_16' title='bbox 439 294 451 312; x_wconf 84' lang='grc'>,</span> <span class='ocrx_word' id='word_1_17' title='bbox 482 269 551 319; x_wconf 85' lang='lat' dir='ltr'><strong>qui</strong></span> <span class='ocrx_word' id='word_1_18' title='bbox 584 281 632 307; x_wconf 89' lang='lat' dir='ltr'><strong>eo</strong></span> <span class='ocrx_word' id='word_1_19' title='bbox 649 272 856 315; x_wconf 83' lang='lat' dir='ltr'><strong>obtentu,</strong></span> <span class='ocrx_word' id='word_1_20' title='bbox 888 283 967 309; x_wconf 84' lang='lat' dir='ltr'><strong>non</strong></span> <span class='ocrx_word' id='word_1_21' title='bbox 983 268 1129 319; x_wconf 82' lang='lat' dir='ltr'><strong>exiguo</strong></span> <span class='ocrx_word' id='word_1_22' title='bbox 1146 283 1343 310; x_wconf 86' lang='lat' dir='ltr'><strong>annorum</strong></span> <span class='ocrx_word' id='word_1_23' title='bbox 1364 274 1445 320; x_wconf 85' lang='lat' dir='ltr'><strong>spa-</strong></span> 
     </span>
    </p>

    <p class='ocr_par' dir='ltr' id='par_1_2' title="bbox 91 319 1451 688">
     <span class='ocr_line' id='line_1_4' title="bbox 91 319 1447 374; baseline 0.006 -17"><span class='ocrx_word' id='word_1_24' title='bbox 91 369 94 374; x_wconf 33' lang='grc'><strong>,</strong></span> <span class='ocrx_word' id='word_1_25' title='bbox 119 319 435 367; x_wconf 70' lang='lat' dir='ltr'><strong>timcapitulum</strong></span> <span class='ocrx_word' id='word_1_26' title='bbox 454 322 570 360; x_wconf 83' lang='lat' dir='ltr'><strong>elufit</strong></span> <span class='ocrx_word' id='word_1_27' title='bbox 590 322 763 370; x_wconf 66' lang='lat' dir='ltr'><strong>sempen·</strong></span> <span class='ocrx_word' id='word_1_28' title='bbox 779 334 908 373; x_wconf 83' lang='lat' dir='ltr'><strong>neque</strong></span> <span class='ocrx_word' id='word_1_29' title='bbox 929 323 1060 361; x_wconf 85' lang='lat' dir='ltr'><strong>ullum</strong></span> <span class='ocrx_word' id='word_1_30' title='bbox 1080 324 1245 363; x_wconf 85' lang='lat' dir='ltr'><strong>obolum</strong></span> <span class='ocrx_word' id='word_1_31' title='bbox 1263 334 1355 364; x_wconf 92' lang='lat' dir='ltr'><strong>toto</strong></span> <span class='ocrx_word' id='word_1_32' title='bbox 1370 326 1447 365; x_wconf 72' lang='lat' dir='ltr'><strong>suae</strong></span> 
     </span>
     <span class='ocr_line' id='line_1_5' title="bbox 91 372 1448 424; baseline 0.005 -14"><span class='ocrx_word' id='word_1_33' title='bbox 91 376 94 387; x_wconf 76' lang='lat'>²</span> <span class='ocrx_word' id='word_1_34' title='bbox 122 372 480 412; x_wconf 78' lang='lat' dir='ltr'><strong>administrationis</strong></span> <span class='ocrx_word' id='word_1_35' title='bbox 499 384 684 420; x_wconf 77' lang='lat' dir='ltr'><strong>tempore</strong></span> <span class='ocrx_word' id='word_1_36' title='bbox 701 376 882 414; x_wconf 83' lang='lat' dir='ltr'><strong>contulit</strong></span> <span class='ocrx_word' id='word_1_37' title='bbox 902 387 973 424; x_wconf 87' lang='lat' dir='ltr'><strong>pro</strong></span> <span class='ocrx_word' id='word_1_38' title='bbox 992 375 1062 413; x_wconf 82' lang='lat' dir='ltr'><strong>illa</strong></span> <span class='ocrx_word' id='word_1_39' title='bbox 1081 377 1282 420; x_wconf 77' lang='lat' dir='ltr'><strong>ecclefiae,</strong></span> <span class='ocrx_word' id='word_1_40' title='bbox 1302 378 1368 416; x_wconf 87' lang='lat' dir='ltr'><strong>seu</strong></span> <span class='ocrx_word' id='word_1_41' title='bbox 1386 379 1448 419; x_wconf 82' lang='lat' dir='ltr'><strong>sa-</strong></span> 
     </span>
     <span class='ocr_line' id='line_1_6' title="bbox 121 425 1448 477; baseline 0.005 -14"><span class='ocrx_word' id='word_1_42' title='bbox 121 426 248 464; x_wconf 80' lang='lat' dir='ltr'><strong>crarii</strong></span> <span class='ocrx_word' id='word_1_43' title='bbox 280 425 518 465; x_wconf 76' lang='lat' dir='ltr'><strong>necestitate</strong></span> <span class='ocrx_word' id='word_1_44' title='bbox 534 450 546 468; x_wconf 86' lang='lat'><strong>‚</strong></span> <span class='ocrx_word' id='word_1_45' title='bbox 576 439 660 476; x_wconf 73' lang='lat' dir='ltr'><strong>quae</strong></span> <span class='ocrx_word' id='word_1_46' title='bbox 695 435 807 466; x_wconf 83' lang='lat' dir='ltr'><strong>certa</strong></span> <span class='ocrx_word' id='word_1_47' title='bbox 836 436 923 467; x_wconf 86' lang='lat' dir='ltr'><strong>erat</strong></span> <span class='ocrx_word' id='word_1_48' title='bbox 939 454 952 473; x_wconf 92' lang='lat'>‚</span> <span class='ocrx_word' id='word_1_49' title='bbox 989 429 1027 466; x_wconf 71' lang='lat' dir='ltr'><strong>Sc</strong></span> <span class='ocrx_word' id='word_1_50' title='bbox 1047 440 1168 477; x_wconf 88' lang='lat' dir='ltr'><strong>quam</strong></span> <span class='ocrx_word' id='word_1_51' title='bbox 1202 429 1240 466; x_wconf 85' lang='lat' dir='ltr'><strong>in</strong></span> <span class='ocrx_word' id='word_1_52' title='bbox 1269 430 1347 468; x_wconf 84' lang='lat' dir='ltr'><strong>suis</strong></span> <span class='ocrx_word' id='word_1_53' title='bbox 1373 430 1448 471; x_wconf 88' lang='lat' dir='ltr'><strong>de-</strong></span> 
     </span>
     <span class='ocr_line' id='line_1_7' title="bbox 125 478 1448 529; baseline 0.002 -12"><span class='ocrx_word' id='word_1_54' title='bbox 125 479 251 520; x_wconf 81' lang='lat' dir='ltr'><strong>cretis</strong></span> <span class='ocrx_word' id='word_1_55' title='bbox 269 504 280 524; x_wconf 94' lang='lat'><strong>,</strong></span> <span class='ocrx_word' id='word_1_56' title='bbox 313 481 349 519; x_wconf 69' lang='lat' dir='ltr'><strong>Sc</strong></span> <span class='ocrx_word' id='word_1_57' title='bbox 368 478 404 515; x_wconf 78' lang='lat' dir='ltr'><strong>in</strong></span> <span class='ocrx_word' id='word_1_58' title='bbox 422 478 499 516; x_wconf 81' lang='lat' dir='ltr'><strong>suis</strong></span> <span class='ocrx_word' id='word_1_59' title='bbox 517 480 747 516; x_wconf 79' lang='lat' dir='ltr'><em>relationibus</em></span> <span class='ocrx_word' id='word_1_60' title='bbox 769 504 781 523; x_wconf 90' lang='lat'>‚</span> <span class='ocrx_word' id='word_1_61' title='bbox 805 492 890 529; x_wconf 69' lang='lat' dir='ltr'><strong>quse</strong></span> <span class='ocrx_word' id='word_1_62' title='bbox 906 480 1011 529; x_wconf 86' lang='lat' dir='ltr'><strong>apud</strong></span> <span class='ocrx_word' id='word_1_63' title='bbox 1024 490 1290 520; x_wconf 84' lang='lat' dir='ltr'><strong>monumenta</strong></span> <span class='ocrx_word' id='word_1_64' title='bbox 1324 484 1448 522; x_wconf 75' lang='lat' dir='ltr'><strong>causae</strong></span> 
     </span>
     <span class='ocr_line' id='line_1_8' title="bbox 123 531 1447 585; baseline 0.002 -15"><span class='ocrx_word' id='word_1_65' title='bbox 123 533 214 570; x_wconf 82' lang='lat' dir='ltr'><strong>suut</strong></span> <span class='ocrx_word' id='word_1_66' title='bbox 232 556 245 575; x_wconf 90' lang='lat'>‚</span> <span class='ocrx_word' id='word_1_67' title='bbox 278 531 492 578; x_wconf 74' lang='lat' dir='ltr'>Episcopus</span> <span class='ocrx_word' id='word_1_68' title='bbox 530 531 612 578; x_wconf 81' lang='lat' dir='ltr'><strong>ipse</strong></span> <span class='ocrx_word' id='word_1_69' title='bbox 631 532 801 580; x_wconf 79' lang='lat' dir='ltr'><strong>agnovit</strong></span> <span class='ocrx_word' id='word_1_70' title='bbox 828 532 986 581; x_wconf 82' lang='lat' dir='ltr'><strong>semper</strong></span> <span class='ocrx_word' id='word_1_71' title='bbox 1005 558 1017 576; x_wconf 92' lang='lat'><strong>‚</strong></span> <span class='ocrx_word' id='word_1_72' title='bbox 1043 534 1409 585; x_wconf 80' lang='lat' dir='ltr'><strong>comprobavitque</strong></span> <span class='ocrx_word' id='word_1_73' title='bbox 1435 564 1447 574; x_wconf 92' lang='lat'><strong>.</strong></span> 
     </span>
     <span class='ocr_line' id='line_1_9' title="bbox 124 583 1451 633; baseline 0.002 -10"><span class='ocrx_word' id='word_1_74' title='bbox 124 583 271 623; x_wconf 86' lang='lat' dir='ltr'><strong>Patere</strong></span> <span class='ocrx_word' id='word_1_75' title='bbox 305 585 384 621; x_wconf 70' lang='lat' dir='ltr'><strong>hxc</strong></span> <span class='ocrx_word' id='word_1_76' title='bbox 403 583 535 620; x_wconf 84' lang='lat' dir='ltr'><strong>omnia</strong></span> <span class='ocrx_word' id='word_1_77' title='bbox 565 583 865 622; x_wconf 82' lang='lat' dir='ltr'><strong>evidentiffime</strong></span> <span class='ocrx_word' id='word_1_78' title='bbox 895 597 940 623; x_wconf 86' lang='lat' dir='ltr'><strong>ex</strong></span> <span class='ocrx_word' id='word_1_79' title='bbox 972 596 1105 622; x_wconf 87' lang='lat' dir='ltr'><strong>rerum</strong></span> <span class='ocrx_word' id='word_1_80' title='bbox 1124 587 1451 633; x_wconf 54' lang='lat' dir='ltr'><strong>praeteritarum..</strong></span> 
     </span>
     <span class='ocr_line' id='line_1_10' title="bbox 124 634 1448 688; baseline 0.002 -14"><span class='ocrx_word' id='word_1_81' title='bbox 124 636 425 682; x_wconf 80' lang='lat' dir='ltr'><strong>narrati0ne‚qu</strong></span> <span class='ocrx_word' id='word_1_82' title='bbox 435 646 498 672; x_wconf 84' lang='lat' dir='ltr'><strong>am</strong></span> <span class='ocrx_word' id='word_1_83' title='bbox 515 634 744 680; x_wconf 84' lang='lat' dir='ltr'><strong>capitulum</strong></span> <span class='ocrx_word' id='word_1_84' title='bbox 759 646 837 672; x_wconf 82' lang='lat' dir='ltr'><strong>nou</strong></span> <span class='ocrx_word' id='word_1_85' title='bbox 851 635 962 674; x_wconf 86' lang='lat' dir='ltr'><strong>brevi</strong></span> <span class='ocrx_word' id='word_1_86' title='bbox 980 636 1164 675; x_wconf 79' lang='lat' dir='ltr'>sermone</span> <span class='ocrx_word' id='word_1_87' title='bbox 1180 639 1448 688; x_wconf 81' lang='lat' dir='ltr'><strong>persequitur.</strong></span> 
     </span>
    </p>

    <p class='ocr_par' dir='ltr' id='par_1_3' title="bbox 76 684 1450 779">
     <span class='ocr_line' id='line_1_11' title="bbox 76 684 1450 739; baseline 0.001 -12"><span class='ocrx_word' id='word_1_88' title='bbox 76 688 293 727; x_wconf 86' lang='lat' dir='ltr'><strong>Promotor</strong></span> <span class='ocrx_word' id='word_1_89' title='bbox 310 686 430 724; x_wconf 39' lang='lat' dir='ltr'><strong>cui-ire</strong></span> <span class='ocrx_word' id='word_1_90' title='bbox 461 684 563 722; x_wconf 83' lang='lat' dir='ltr'>nihil</span> <span class='ocrx_word' id='word_1_91' title='bbox 582 684 696 724; x_wconf 86' lang='lat' dir='ltr'><strong>dedit</strong></span> <span class='ocrx_word' id='word_1_92' title='bbox 713 685 844 725; x_wconf 88' lang='lat' dir='ltr'><strong>adhuc</strong></span> <span class='ocrx_word' id='word_1_93' title='bbox 859 715 869 726; x_wconf 88' lang='lat'><strong>.</strong></span> <span class='ocrx_word' id='word_1_94' title='bbox 900 687 1163 736; x_wconf 60' lang='lat' dir='ltr'><strong>Expedandae</strong></span> <span class='ocrx_word' id='word_1_95' title='bbox 1181 691 1267 735; x_wconf 77' lang='lat' dir='ltr'><strong>ejus</strong></span> <span class='ocrx_word' id='word_1_96' title='bbox 1285 691 1450 739; x_wconf 83' lang='lat' dir='ltr'><strong>respon·</strong></span> 
     </span>
     <span class='ocr_line' id='line_1_12' title="bbox 126 739 399 779; baseline -0.015 0"><span class='ocrx_word' id='word_1_97' title='bbox 126 742 253 779; x_wconf 86' lang='lat' dir='ltr'><strong>fiones</strong></span> <span class='ocrx_word' id='word_1_98' title='bbox 284 739 373 777; x_wconf 86' lang='lat' dir='ltr'><strong>sunt</strong></span> <span class='ocrx_word' id='word_1_99' title='bbox 390 767 399 776; x_wconf 94' lang='lat'><strong><em>.</em></strong></span> 
     </span>
    </p>

    <p class='ocr_par' dir='ltr' id='par_1_4' title="bbox 74 787 1453 1154">
     <span class='ocr_line' id='line_1_13' title="bbox 74 787 1450 843; baseline -0.001 -11"><span class='ocrx_word' id='word_1_100' title='bbox 74 792 210 832; x_wconf 85' lang='lat' dir='ltr'><strong>Prima</strong></span> <span class='ocrx_word' id='word_1_101' title='bbox 226 798 338 829; x_wconf 89' lang='lat' dir='ltr'><strong>certe</strong></span> <span class='ocrx_word' id='word_1_102' title='bbox 358 787 557 828; x_wconf 82' lang='lat' dir='ltr'><strong>conceffio</strong></span> <span class='ocrx_word' id='word_1_103' title='bbox 572 794 661 827; x_wconf 79' lang='lat' dir='ltr'><strong>anm·</strong></span> <span class='ocrx_word' id='word_1_104' title='bbox 684 796 730 836; x_wconf 66' lang='lat'><strong>16·</strong></span> <span class='ocrx_word' id='word_1_105' title='bbox 736 805 752 834; x_wconf 86' lang='lat'><em>3</em></span> <span class='ocrx_word' id='word_1_106' title='bbox 757 807 794 839; x_wconf 92' lang='lat'><strong>9·</strong></span> <span class='ocrx_word' id='word_1_107' title='bbox 815 792 934 832; x_wconf 91' lang='lat' dir='ltr'><strong>unice</strong></span> <span class='ocrx_word' id='word_1_108' title='bbox 941 792 1195 840; x_wconf 78' lang='lat' dir='ltr'><strong>seminarium,</strong></span> <span class='ocrx_word' id='word_1_109' title='bbox 1214 795 1257 837; x_wconf 57' lang='grc' dir='ltr'><strong>ἐς*</strong></span> <span class='ocrx_word' id='word_1_110' title='bbox 1270 794 1450 843; x_wconf 73' lang='lat' dir='ltr'><strong>ecclesiam</strong></span> 
     </span>
     <span class='ocr_line' id='line_1_14' title="bbox 123 842 1447 895; baseline 0 -12"><span class='ocrx_word' id='word_1_111' title='bbox 123 842 297 891; x_wconf 78' lang='lat' dir='ltr'><strong>respexit</strong></span> <span class='ocrx_word' id='word_1_112' title='bbox 326 872 335 880; x_wconf 92' lang='lat'><strong>.</strong></span> <span class='ocrx_word' id='word_1_113' title='bbox 367 842 621 890; x_wconf 79' lang='lat' dir='ltr'><strong>Approbatio</strong></span> <span class='ocrx_word' id='word_1_114' title='bbox 653 844 836 883; x_wconf 82' lang='lat' dir='ltr'><strong>ceffionis</strong></span> <span class='ocrx_word' id='word_1_115' title='bbox 866 847 1061 883; x_wconf 82' lang='lat' dir='ltr'><strong>bonorum</strong></span> <span class='ocrx_word' id='word_1_116' title='bbox 1090 844 1194 883; x_wconf 66' lang='lat' dir='ltr'><strong>fasta</strong></span> <span class='ocrx_word' id='word_1_117' title='bbox 1219 859 1308 883; x_wconf 82' lang='lat' dir='ltr'><strong>anno</strong></span> <span class='ocrx_word' id='word_1_118' title='bbox 1329 851 1447 895; x_wconf 85' lang='lat'>1640.</span> 
     </span>
     <span class='ocr_line' id='line_1_15' title="bbox 122 892 1450 947; baseline 0.001 -13"><span class='ocrx_word' id='word_1_119' title='bbox 122 892 342 943; x_wconf 78' lang='lat' dir='ltr'><strong>expressam</strong></span> <span class='ocrx_word' id='word_1_120' title='bbox 360 893 499 932; x_wconf 84' lang='lat' dir='ltr'><strong>habuit</strong></span> <span class='ocrx_word' id='word_1_121' title='bbox 515 894 799 935; x_wconf 80' lang='lat' dir='ltr'><strong>conditionem</strong></span> <span class='ocrx_word' id='word_1_122' title='bbox 816 909 825 934; x_wconf 72' lang='grc' dir='ltr'>ι</span> <span class='ocrx_word' id='word_1_123' title='bbox 855 898 1014 947; x_wconf 80' lang='lat' dir='ltr'><strong>restando</strong></span> <span class='ocrx_word' id='word_1_124' title='bbox 1031 897 1260 945; x_wconf 79' lang='lat' dir='ltr'><strong>ilseminario</strong></span> <span class='ocrx_word' id='word_1_125' title='bbox 1273 897 1450 945; x_wconf 77' lang='lat' dir='ltr'><strong>obbligato</strong></span> 
     </span>
     <span class='ocr_line' id='line_1_16' title="bbox 128 946 1453 997; baseline 0 -12"><span class='ocrx_word' id='word_1_126' title='bbox 128 948 334 996; x_wconf 71' lang='lat' dir='ltr'><strong>asodisfizre</strong></span> <span class='ocrx_word' id='word_1_127' title='bbox 346 950 360 983; x_wconf 80' lang='lat' dir='ltr'><em>i</em></span> <span class='ocrx_word' id='word_1_128' title='bbox 371 946 456 995; x_wconf 84' lang='lat' dir='ltr'><strong>pest,</strong></span> <span class='ocrx_word' id='word_1_129' title='bbox 488 947 523 981; x_wconf 91' lang='lat' dir='ltr'><strong>a&#39;</strong></span> <span class='ocrx_word' id='word_1_130' title='bbox 541 946 640 994; x_wconf 80' lang='lat' dir='ltr'><strong>quali</strong></span> <span class='ocrx_word' id='word_1_131' title='bbox 649 951 1034 997; x_wconf 81' lang='lat' dir='ltr'><strong>primasoggiacevano</strong></span> <span class='ocrx_word' id='word_1_132' title='bbox 1052 952 1128 991; x_wconf 60' lang='lat' dir='ltr'><strong>&amp;a</strong></span> <span class='ocrx_word' id='word_1_133' title='bbox 1142 949 1423 997; x_wconf 77' lang='lat' dir='ltr'><strong>Esesodisfiztti</strong></span> <span class='ocrx_word' id='word_1_134' title='bbox 1436 952 1453 985; x_wconf 82' lang='grc' dir='ltr'><strong><em>ἱ</em></strong></span> 
     </span>
     <span class='ocr_line' id='line_1_17' title="bbox 123 998 1446 1050; baseline 0 -13"><span class='ocrx_word' id='word_1_135' title='bbox 123 1003 216 1037; x_wconf 84' lang='lat' dir='ltr'><strong>detti</strong></span> <span class='ocrx_word' id='word_1_136' title='bbox 227 1000 297 1047; x_wconf 82' lang='lat' dir='ltr'><strong>pest</strong></span> <span class='ocrx_word' id='word_1_137' title='bbox 309 1023 321 1042; x_wconf 86' lang='lat'>,</span> <span class='ocrx_word' id='word_1_138' title='bbox 351 1012 369 1036; x_wconf 89' lang='lat' dir='ltr'><em>c</em></span> <span class='ocrx_word' id='word_1_139' title='bbox 382 998 639 1045; x_wconf 77' lang='lat' dir='ltr'><strong>dedottiscudi</strong></span> <span class='ocrx_word' id='word_1_140' title='bbox 653 1010 808 1038; x_wconf 81' lang='lat' dir='ltr'><strong>trecento</strong></span> <span class='ocrx_word' id='word_1_141' title='bbox 820 1010 886 1046; x_wconf 87' lang='lat' dir='ltr'><strong>per</strong></span> <span class='ocrx_word' id='word_1_142' title='bbox 898 1001 930 1037; x_wconf 85' lang='lat' dir='ltr'><strong>il</strong></span> <span class='ocrx_word' id='word_1_143' title='bbox 930 1001 1201 1049; x_wconf 76' lang='lat' dir='ltr'><strong>Jbstentamento</strong></span> <span class='ocrx_word' id='word_1_144' title='bbox 1219 1000 1280 1037; x_wconf 80' lang='lat' dir='ltr'><strong>del</strong></span> <span class='ocrx_word' id='word_1_145' title='bbox 1281 1001 1446 1050; x_wconf 84' lang='lat' dir='ltr'><strong>semina·</strong></span> 
     </span>
     <span class='ocr_line' id='line_1_18' title="bbox 124 1050 1449 1101; baseline -0.001 -11"><span class='ocrx_word' id='word_1_146' title='bbox 124 1056 195 1095; x_wconf 84' lang='lat' dir='ltr'><strong>rio,</strong></span> <span class='ocrx_word' id='word_1_147' title='bbox 214 1055 253 1089; x_wconf 83' lang='lat' dir='ltr'><strong>vi</strong></span> <span class='ocrx_word' id='word_1_148' title='bbox 272 1052 399 1100; x_wconf 63' lang='lat' dir='ltr'><strong>restem}</strong></span> <span class='ocrx_word' id='word_1_149' title='bbox 416 1050 683 1093; x_wconf 60' lang='lat' dir='ltr'><strong>alctm&#39;avanzo</strong></span> <span class='ocrx_word' id='word_1_150' title='bbox 702 1076 714 1095; x_wconf 94' lang='lat'>‚</span> <span class='ocrx_word' id='word_1_151' title='bbox 736 1053 770 1100; x_wconf 83' lang='lat' dir='ltr'><em>st</em></span> <span class='ocrx_word' id='word_1_152' title='bbox 784 1053 938 1101; x_wconf 81' lang='lat' dir='ltr'><strong>applichi</strong></span> <span class='ocrx_word' id='word_1_153' title='bbox 949 1052 1022 1089; x_wconf 87' lang='lat' dir='ltr'><em>alla</em></span> <span class='ocrx_word' id='word_1_154' title='bbox 1028 1051 1208 1101; x_wconf 84' lang='lat' dir='ltr'><strong>sagrestia</strong></span> <span class='ocrx_word' id='word_1_155' title='bbox 1224 1078 1236 1098; x_wconf 91' lang='lat'>‚</span> <span class='ocrx_word' id='word_1_156' title='bbox 1265 1067 1282 1090; x_wconf 79' lang='grc' dir='ltr'><strong>ο</strong></span> <span class='ocrx_word' id='word_1_157' title='bbox 1297 1055 1346 1090; x_wconf 88' lang='lat' dir='ltr'><strong>ad</strong></span> <span class='ocrx_word' id='word_1_158' title='bbox 1358 1051 1449 1091; x_wconf 79' lang='lat' dir='ltr'><strong>altro</strong></span> 
     </span>
     <span class='ocr_line' id='line_1_19' title="bbox 124 1102 786 1154; baseline 0.002 -13"><span class='ocrx_word' id='word_1_159' title='bbox 124 1105 184 1154; x_wconf 82' lang='lat' dir='ltr'><strong>uso</strong></span> <span class='ocrx_word' id='word_1_160' title='bbox 195 1108 252 1153; x_wconf 81' lang='lat' dir='ltr'><strong>pio</strong></span> <span class='ocrx_word' id='word_1_161' title='bbox 282 1105 330 1140; x_wconf 87' lang='lat' dir='ltr'><strong>ad</strong></span> <span class='ocrx_word' id='word_1_162' title='bbox 342 1104 491 1140; x_wconf 71' lang='lat' dir='ltr'><strong>arbitrio</strong></span> <span class='ocrx_word' id='word_1_163' title='bbox 523 1102 583 1139; x_wconf 82' lang='lat' dir='ltr'><strong>del</strong></span> <span class='ocrx_word' id='word_1_164' title='bbox 602 1104 761 1151; x_wconf 84' lang='lat' dir='ltr'><strong>Vescovo</strong></span> <span class='ocrx_word' id='word_1_165' title='bbox 776 1133 786 1142; x_wconf 87' lang='lat'><strong>.</strong></span> 
     </span>
    </p>

    <p class='ocr_par' dir='ltr' id='par_1_5' title="bbox 69 1152 1448 1309">
     <span class='ocr_line' id='line_1_20' title="bbox 69 1152 1446 1204; baseline -0.001 -8"><span class='ocrx_word' id='word_1_166' title='bbox 69 1152 413 1198; x_wconf 66' lang='lat' dir='ltr'><strong>Considerandum</strong></span> <span class='ocrx_word' id='word_1_167' title='bbox 429 1155 679 1202; x_wconf 50' lang='lat' dir='ltr'><strong>profesiostn</strong></span> <span class='ocrx_word' id='word_1_168' title='bbox 698 1156 911 1195; x_wconf 84' lang='lat' dir='ltr'><strong>arbitrium</strong></span> <span class='ocrx_word' id='word_1_169' title='bbox 930 1156 1070 1195; x_wconf 86' lang='lat' dir='ltr'><strong>datum</strong></span> <span class='ocrx_word' id='word_1_170' title='bbox 1088 1156 1302 1204; x_wconf 76' lang='lat' dir='ltr'><strong>Episcopo,</strong></span> <span class='ocrx_word' id='word_1_171' title='bbox 1323 1156 1446 1196; x_wconf 81' lang='lat' dir='ltr'><strong>intel-</strong></span> 
     </span>
     <span class='ocr_line' id='line_1_21' title="bbox 124 1205 1448 1260; baseline -0.002 -11"><span class='ocrx_word' id='word_1_172' title='bbox 124 1211 251 1259; x_wconf 82' lang='lat' dir='ltr'><strong>ligatu</strong></span> <span class='ocrx_word' id='word_1_173' title='bbox 261 1221 275 1245; x_wconf 86' lang='grc' dir='ltr'><strong>ι·</strong></span> <span class='ocrx_word' id='word_1_174' title='bbox 295 1205 586 1246; x_wconf 86' lang='lat' dir='ltr'><strong>tantummodo</strong></span> <span class='ocrx_word' id='word_1_175' title='bbox 603 1207 653 1245; x_wconf 88' lang='lat' dir='ltr'><strong>de</strong></span> <span class='ocrx_word' id='word_1_176' title='bbox 668 1209 956 1260; x_wconf 72' lang='lat' dir='ltr'><strong>pecuniis‚quae</strong></span> <span class='ocrx_word' id='word_1_177' title='bbox 971 1210 1052 1257; x_wconf 89' lang='lat' dir='ltr'><strong>post</strong></span> <span class='ocrx_word' id='word_1_178' title='bbox 1067 1209 1303 1254; x_wconf 83' lang='lat' dir='ltr'><strong>ecclefiae,&amp;</strong></span> <span class='ocrx_word' id='word_1_179' title='bbox 1318 1208 1448 1248; x_wconf 63' lang='lat' dir='ltr'><strong>sacrae</strong></span> 
     </span>
     <span class='ocr_line' id='line_1_22' title="bbox 121 1257 1445 1309; baseline -0.002 -9"><span class='ocrx_word' id='word_1_180' title='bbox 121 1262 172 1300; x_wconf 89' lang='lat' dir='ltr'><strong>rii</strong></span> <span class='ocrx_word' id='word_1_181' title='bbox 191 1262 394 1305; x_wconf 77' lang='lat' dir='ltr'><strong>expletam</strong></span> <span class='ocrx_word' id='word_1_182' title='bbox 414 1257 696 1298; x_wconf 82' lang='lat' dir='ltr'><strong>neceffitatem</strong></span> <span class='ocrx_word' id='word_1_183' title='bbox 714 1261 916 1300; x_wconf 80' lang='lat' dir='ltr'><strong>abundant</strong></span> <span class='ocrx_word' id='word_1_184' title='bbox 932 1287 943 1306; x_wconf 91' lang='lat'><strong>‚</strong></span> <span class='ocrx_word' id='word_1_185' title='bbox 975 1270 1020 1299; x_wconf 90' lang='lat' dir='ltr'><strong>ut</strong></span> <span class='ocrx_word' id='word_1_186' title='bbox 1038 1261 1177 1309; x_wconf 72' lang='lat' dir='ltr'><strong>ptimae</strong></span> <span class='ocrx_word' id='word_1_187' title='bbox 1195 1259 1445 1300; x_wconf 83' lang='lat' dir='ltr'><strong>conceffioni</strong></span> 
     </span>
    </p>
   </div>
   <div class='ocr_carea' id='block_1_2' title="bbox 123 1310 1449 1403">
    <p class='ocr_par' dir='ltr' id='par_1_6' title="bbox 123 1310 1449 1403">
     <span class='ocr_line' id='line_1_23' title="bbox 123 1310 1449 1363; baseline 0.004 -16"><span class='ocrx_word' id='word_1_188' title='bbox 123 1316 205 1352; x_wconf 65' lang='lat' dir='ltr'><strong>haec</strong></span> <span class='ocrx_word' id='word_1_189' title='bbox 223 1311 458 1359; x_wconf 74' lang='lat' dir='ltr'><strong>approbatio</strong></span> <span class='ocrx_word' id='word_1_190' title='bbox 473 1311 746 1351; x_wconf 78' lang='lat' dir='ltr'><strong>consentanea</strong></span> <span class='ocrx_word' id='word_1_191' title='bbox 763 1337 776 1356; x_wconf 91' lang='lat'>‚</span> <span class='ocrx_word' id='word_1_192' title='bbox 807 1311 1155 1363; x_wconf 87' lang='lat' dir='ltr'><strong>quemadmodum</strong></span> <span class='ocrx_word' id='word_1_193' title='bbox 1185 1310 1263 1352; x_wconf 78' lang='lat' dir='ltr'><strong>esse</strong></span> <span class='ocrx_word' id='word_1_194' title='bbox 1285 1312 1449 1357; x_wconf 81' lang='lat' dir='ltr'><strong>debuit,</strong></span> 
     </span>
     <span class='ocr_line' id='line_1_24' title="bbox 133 1371 349 1403; baseline -0.005 -1"><span class='ocrx_word' id='word_1_195' title='bbox 133 1371 322 1403; x_wconf 74' lang='lat' dir='ltr'><strong>Videatur</strong></span> <span class='ocrx_word' id='word_1_196' title='bbox 340 1393 349 1401; x_wconf 89' lang='lat'>.</span> 
     </span>
    </p>
   </div>
   <div class='ocr_carea' id='block_1_3' title="bbox 76 1414 1448 1830">
    <p class='ocr_par' dir='ltr' id='par_1_7' title="bbox 76 1414 1448 1721">
     <span class='ocr_line' id='line_1_25' title="bbox 76 1414 1448 1464; baseline 0.001 -10"><span class='ocrx_word' id='word_1_197' title='bbox 76 1417 321 1462; x_wconf 64' lang='lat' dir='ltr'><strong>Responsum</strong></span> <span class='ocrx_word' id='word_1_198' title='bbox 339 1414 480 1451; x_wconf 89' lang='lat' dir='ltr'><strong>datum</strong></span> <span class='ocrx_word' id='word_1_199' title='bbox 497 1426 583 1449; x_wconf 82' lang='lat' dir='ltr'><strong>anno</strong></span> <span class='ocrx_word' id='word_1_200' title='bbox 600 1418 710 1459; x_wconf 81' lang='lat'>1762.</span> <span class='ocrx_word' id='word_1_201' title='bbox 740 1415 950 1462; x_wconf 80' lang='lat' dir='ltr'><strong>postulatis</strong></span> <span class='ocrx_word' id='word_1_202' title='bbox 969 1415 1159 1464; x_wconf 79' lang='lat' dir='ltr'><strong>Episcopi</strong></span> <span class='ocrx_word' id='word_1_203' title='bbox 1177 1440 1190 1460; x_wconf 91' lang='lat'>‚</span> <span class='ocrx_word' id='word_1_204' title='bbox 1209 1415 1326 1454; x_wconf 80' lang='lat' dir='ltr'><strong>unice</strong></span> <span class='ocrx_word' id='word_1_205' title='bbox 1344 1419 1448 1456; x_wconf 86' lang='lat' dir='ltr'><strong>hanc</strong></span> 
     </span>
     <span class='ocr_line' id='line_1_26' title="bbox 124 1463 1448 1514; baseline 0.001 -8"><span class='ocrx_word' id='word_1_206' title='bbox 124 1477 310 1507; x_wconf 85' lang='lat' dir='ltr'><strong>veterem</strong></span> <span class='ocrx_word' id='word_1_207' title='bbox 324 1463 583 1503; x_wconf 74' lang='lat' dir='ltr'><strong>pontificiam</strong></span> <span class='ocrx_word' id='word_1_208' title='bbox 602 1468 936 1514; x_wconf 80' lang='lat' dir='ltr'><strong>approbationem</strong></span> <span class='ocrx_word' id='word_1_209' title='bbox 963 1477 1062 1506; x_wconf 80' lang='lat' dir='ltr'><strong>ante</strong></span> <span class='ocrx_word' id='word_1_210' title='bbox 1089 1467 1232 1506; x_wconf 82' lang='lat' dir='ltr'><strong>oculos</strong></span> <span class='ocrx_word' id='word_1_211' title='bbox 1265 1468 1409 1506; x_wconf 88' lang='lat' dir='ltr'><strong>habuit</strong></span> <span class='ocrx_word' id='word_1_212' title='bbox 1436 1496 1448 1507; x_wconf 90' lang='lat'><strong>.</strong></span> 
     </span>
     <span class='ocr_line' id='line_1_27' title="bbox 123 1516 1445 1567; baseline -0.001 -9"><span class='ocrx_word' id='word_1_213' title='bbox 123 1518 437 1558; x_wconf 76' lang='lat' dir='ltr'><strong>Adverreiidum</strong></span> <span class='ocrx_word' id='word_1_214' title='bbox 457 1516 565 1554; x_wconf 84' lang='lat' dir='ltr'><strong>scuta</strong></span> <span class='ocrx_word' id='word_1_215' title='bbox 582 1526 815 1556; x_wconf 81' lang='lat' dir='ltr'><strong>tercentum</strong></span> <span class='ocrx_word' id='word_1_216' title='bbox 835 1518 929 1556; x_wconf 80' lang='lat' dir='ltr'><strong>data</strong></span> <span class='ocrx_word' id='word_1_217' title='bbox 946 1519 1128 1566; x_wconf 83' lang='lat' dir='ltr'><strong>capitulo</strong></span> <span class='ocrx_word' id='word_1_218' title='bbox 1150 1530 1197 1557; x_wconf 84' lang='lat' dir='ltr'><strong>ex</strong></span> <span class='ocrx_word' id='word_1_219' title='bbox 1214 1518 1351 1567; x_wconf 80' lang='lat' dir='ltr'><strong>legato</strong></span> <span class='ocrx_word' id='word_1_220' title='bbox 1364 1522 1445 1558; x_wconf 84' lang='lat' dir='ltr'><strong>Bir-</strong></span> 
     </span>
     <span class='ocr_line' id='line_1_28' title="bbox 116 1569 1448 1622; baseline 0 -14"><span class='ocrx_word' id='word_1_221' title='bbox 116 1577 223 1622; x_wconf 77' lang='lat' dir='ltr'><strong>gittae</strong></span> <span class='ocrx_word' id='word_1_222' title='bbox 240 1571 403 1606; x_wconf 80' lang='lat' dir='ltr'><strong>Mmcim&#39;</strong></span> <span class='ocrx_word' id='word_1_223' title='bbox 419 1580 512 1605; x_wconf 89' lang='lat' dir='ltr'><strong>cum</strong></span> <span class='ocrx_word' id='word_1_224' title='bbox 528 1569 722 1616; x_wconf 84' lang='lat' dir='ltr'><strong>rescripto</strong></span> <span class='ocrx_word' id='word_1_225' title='bbox 743 1569 1178 1619; x_wconf 77' lang='lat' dir='ltr'><strong>Sac.Cougregationis</strong></span> <span class='ocrx_word' id='word_1_226' title='bbox 1196 1570 1273 1606; x_wconf 80' lang='lat' dir='ltr'><strong>diei</strong></span> <span class='ocrx_word' id='word_1_227' title='bbox 1293 1576 1326 1607; x_wconf 86' lang='lat'><strong>8.</strong></span> <span class='ocrx_word' id='word_1_228' title='bbox 1347 1569 1448 1622; x_wconf 68' lang='lat' dir='ltr'><strong>Maja&#39;</strong></span> 
     </span>
     <span class='ocr_line' id='line_1_29' title="bbox 127 1618 1447 1671; baseline 0 -12"><span class='ocrx_word' id='word_1_229' title='bbox 127 1628 239 1667; x_wconf 85' lang='lat'><em>1762.</em></span> <span class='ocrx_word' id='word_1_230' title='bbox 271 1620 426 1669; x_wconf 80' lang='lat' dir='ltr'><strong>erogari</strong></span> <span class='ocrx_word' id='word_1_231' title='bbox 443 1618 617 1658; x_wconf 83' lang='lat' dir='ltr'><strong>debuisse</strong></span> <span class='ocrx_word' id='word_1_232' title='bbox 640 1629 703 1668; x_wconf 84' lang='lat' dir='ltr'><strong>pro</strong></span> <span class='ocrx_word' id='word_1_233' title='bbox 729 1624 936 1670; x_wconf 77' lang='lat' dir='ltr'><strong>pavimento</strong></span> <span class='ocrx_word' id='word_1_234' title='bbox 963 1647 977 1667; x_wconf 90' lang='lat'>,</span> <span class='ocrx_word' id='word_1_235' title='bbox 1008 1625 1051 1666; x_wconf 56' lang='grc' dir='ltr'><strong>ξφ</strong></span> <span class='ocrx_word' id='word_1_236' title='bbox 1073 1622 1222 1670; x_wconf 81' lang='lat' dir='ltr'><strong>fabrica</strong></span> <span class='ocrx_word' id='word_1_237' title='bbox 1256 1622 1404 1671; x_wconf 83' lang='lat' dir='ltr'><strong>ecclestae</strong></span> <span class='ocrx_word' id='word_1_238' title='bbox 1431 1647 1447 1669; x_wconf 83' lang='lat'>‚</span> 
     </span>
     <span class='ocr_line' id='line_1_30' title="bbox 130 1672 846 1721; baseline 0.001 -10"><span class='ocrx_word' id='word_1_239' title='bbox 130 1679 173 1720; x_wconf 68' lang='lat'><strong>&lt;5-</strong></span> <span class='ocrx_word' id='word_1_240' title='bbox 189 1678 300 1711; x_wconf 78' lang='lat' dir='ltr'><strong>curris</strong></span> <span class='ocrx_word' id='word_1_241' title='bbox 313 1675 546 1721; x_wconf 84' lang='lat' dir='ltr'><strong>campanariae</strong></span> <span class='ocrx_word' id='word_1_242' title='bbox 562 1701 571 1710; x_wconf 86' lang='lat'><strong>.</strong></span> <span class='ocrx_word' id='word_1_243' title='bbox 633 1672 846 1721; x_wconf 82' lang='lat' dir='ltr'><strong>Qaeritur</strong></span> 
     </span>
    </p>

    <p class='ocr_par' dir='ltr' id='par_1_8' title="bbox 76 1725 1447 1775">
     <span class='ocr_line' id='line_1_31' title="bbox 76 1725 1447 1775; baseline 0.003 -14"><span class='ocrx_word' id='word_1_244' title='bbox 76 1729 143 1768; x_wconf 64' lang='lat' dir='ltr'><strong>An</strong></span> <span class='ocrx_word' id='word_1_245' title='bbox 156 1754 168 1768; x_wconf 86' lang='grc'>,</span> <span class='ocrx_word' id='word_1_246' title='bbox 188 1740 228 1770; x_wconf 58' lang='lat'><strong>35·</strong></span> <span class='ocrx_word' id='word_1_247' title='bbox 241 1729 280 1763; x_wconf 77' lang='lat' dir='ltr'><strong>in</strong></span> <span class='ocrx_word' id='word_1_248' title='bbox 299 1738 382 1774; x_wconf 82' lang='lat' dir='ltr'><strong>quos</strong></span> <span class='ocrx_word' id='word_1_249' title='bbox 394 1725 475 1772; x_wconf 82' lang='lat' dir='ltr'><strong>usus</strong></span> <span class='ocrx_word' id='word_1_250' title='bbox 492 1727 669 1773; x_wconf 81' lang='lat' dir='ltr'><strong>eroganda</strong></span> <span class='ocrx_word' id='word_1_251' title='bbox 675 1726 724 1774; x_wconf 86' lang='lat' dir='ltr'><strong>fit</strong></span> <span class='ocrx_word' id='word_1_252' title='bbox 742 1727 885 1775; x_wconf 76' lang='lat' dir='ltr'><strong>summa</strong></span> <span class='ocrx_word' id='word_1_253' title='bbox 899 1725 997 1763; x_wconf 76' lang='lat' dir='ltr'><strong>ultra</strong></span> <span class='ocrx_word' id='word_1_254' title='bbox 1017 1726 1119 1775; x_wconf 82' lang='lat' dir='ltr'><strong>scut.</strong></span> <span class='ocrx_word' id='word_1_255' title='bbox 1140 1738 1225 1769; x_wconf 80' lang='lat'>300·</span> <span class='ocrx_word' id='word_1_256' title='bbox 1245 1749 1257 1769; x_wconf 87' lang='lat'>‚</span> <span class='ocrx_word' id='word_1_257' title='bbox 1295 1725 1447 1775; x_wconf 78' lang='lat' dir='ltr'><em>quesu-</em></span> 
     </span>
    </p>

    <p class='ocr_par' dir='ltr' id='par_1_9' title="bbox 172 1776 1392 1830">
     <span class='ocr_line' id='line_1_32' title="bbox 172 1776 1392 1830; baseline 0 -13"><span class='ocrx_word' id='word_1_258' title='bbox 172 1779 284 1830; x_wconf 79' lang='lat' dir='ltr'><strong>perest</strong></span> <span class='ocrx_word' id='word_1_259' title='bbox 298 1791 344 1817; x_wconf 78' lang='lat' dir='ltr'><strong>ex</strong></span> <span class='ocrx_word' id='word_1_260' title='bbox 359 1788 487 1817; x_wconf 73' lang='lat' dir='ltr'><strong>annun</strong></span> <span class='ocrx_word' id='word_1_261' title='bbox 502 1779 676 1817; x_wconf 80' lang='lat' dir='ltr'><strong>reditibus</strong></span> <span class='ocrx_word' id='word_1_262' title='bbox 693 1781 983 1819; x_wconf 68' lang='lat' dir='ltr'><strong>vemSeminarii</strong></span> <span class='ocrx_word' id='word_1_263' title='bbox 994 1780 1202 1826; x_wconf 81' lang='lat' dir='ltr'><strong>Vaden.,in</strong></span> <span class='ocrx_word' id='word_1_264' title='bbox 1216 1776 1301 1826; x_wconf 82' lang='lat' dir='ltr'><strong>casu</strong></span> <span class='ocrx_word' id='word_1_265' title='bbox 1315 1781 1392 1824; x_wconf 61' lang='grc' dir='ltr'><strong>(γε.</strong></span> 
     </span>
    </p>
   </div>
   <div class='ocr_carea' id='block_1_4' title="bbox 162 2764 1453 2814">
    <p class='ocr_par' dir='ltr' id='par_1_10' title="bbox 162 2764 1453 2814">
     <span class='ocr_line' id='line_1_33' title="bbox 162 2764 1453 2814; baseline 0.009 -11"><span class='ocrx_word' id='word_1_266' title='bbox 162 2764 268 2805; x_wconf 70' lang='lat' dir='ltr'><strong>from.</strong></span> <span class='ocrx_word' id='word_1_267' title='bbox 285 2764 475 2808; x_wconf 70' lang='lat' dir='ltr'><em>XXXIV.</em></span> <span class='ocrx_word' id='word_1_268' title='bbox 831 2765 865 2806; x_wconf 77' lang='lat' dir='ltr'>R</span> <span class='ocrx_word' id='word_1_269' title='bbox 922 2772 947 2806; x_wconf 60' lang='grc' dir='ltr'><strong>θ’</strong></span> <span class='ocrx_word' id='word_1_270' title='bbox 1368 2769 1453 2814; x_wconf 62' lang='lat' dir='ltr'><strong>Dio,</strong></span> 
     </span>
    </p>
   </div>
  </div>
 </body>
</html>
