1981 2964
1439 201 1458 227 2

151 231 234 257 rare
248 221 365 261 velint
382 233 393 261 ε
421 225 476 263 bis
503 227 604 265 intra
630 239 823 277 congruum
838 238 973 281 tempus
985 234 1140 282 peram,
1151 243 1229 276 tum
1242 231 1360 279 edim
1376 264 1390 287 ,
1406 199 1489 280 tm}

147 271 239 320 ipsas
259 276 453 315 oblationes
471 280 522 317 ad
533 281 945 331 Sac.Congregationom
959 287 1225 337 traiffiroitteret
1238 320 1249 330 .

98 318 241 364 Paruit
259 327 480 378 Episcopus
495 359 507 371 .
537 332 681 373 Edifia
700 335 909 384 proposuit
933 338 1000 379 die
1016 351 1052 386 7.
1072 339 1324 390 Septembris
1346 349 1484 396 1764.‚
1531 371 1535 372 ν

147 375 292 426 quibus
309 383 559 423 vocabantur
574 397 717 426 omnes
732 413 746 433 ,
780 389 844 427 che
856 391 998 439 ‹voglino
1015 397 1203 435 attendere
1215 397 1290 435 alla
1303 410 1482 449 compro-a

147 429 474 482 degl'insrascritti
491 438 574 476 bem·
602 439 783 487 spettanti
796 441 835 478 al
845 448 1064 493 patrimonio
1090 448 1152 486 del
1168 452 1307 500 St’gnor
1323 451 1486 491 France-

136 481 202 530 sco
237 486 430 524 corradini
455 502 476 525 a
496 491 586 528 dare
603 493 728 530 dentro
744 493 774 531 il
786 500 939 535 termine
953 500 995 536 di
1003 502 1128 548 giorm'
1166 504 1264 542 dieci
1288 504 1487 555 dall'affist-

137 534 238 582 fione
268 538 332 575 del
354 541 520 589 prefhnte
548 543 677 591 offorta
684 545 756 591 sua
771 547 894 595 chiuso
909 574 923 595 ‚
959 565 978 588 e
982 553 1150 600 sigillata
1161 565 1260 595 tanto
1267 558 1375 608 sopra
1392 558 1485 597 l'in-

144 588 236 625 ciero
253 596 468 639 patrimonio
485 618 497 637 ,
524 605 654 642 quanto
662 597 956 645 fi’paratamente
976 603 1089 652 sopra
1118 608 1265 695 cizscun
1295 619 1395 659 corpo
1425 634 1439 655 ‚
1466 623 1487 649 o

140 644 342 687 particolar
352 646 482 691 predio
502 645 565 682 del
579 650 737 687 medemo
755 652 829 693 &cz
846 665 861 691 5
892 666 910 691 e
943 654 1149 705 ri'conoscon
1178 661 1224 708 ost
1250 663 1487 712 vantaggiose

137 699 204 739 per
217 693 420 742 lasudetta
437 698 592 741 eredita,
596 699 810 747 senz¹altra
824 707 1066 750 rinovazione
1083 711 1123 747 di
1137 712 1254 750 editto
1261 713 1297 762 si
1306 714 1482 761 trastae't-

142 753 290 783 uranno
309 747 383 784 alla
390 748 544 795 sudetta
558 753 605 788 S.
613 754 943 801 Congregazione‚e
949 759 1040 804 sard
1052 763 1251 806 informata
1266 764 1305 803 la
1318 765 1486 807 medemae

145 797 186 834 di
197 810 330 848 quanto
337 800 540 849 succ-edera
554 832 564 842 .

91 848 265 899 Recepit
286 852 381 892 inde
399 855 634 895 oblationes
646 859 782 897 varias
801 885 814 905 ,
846 863 1065 914 omniaque
1096 865 1148 904 ad
1177 865 1342 906 Sacram
1372 868 1485 908 eona

138 904 425 953 gregationem
444 909 664 948 transmisit
681 924 697 951 ‚·
726 912 832 951 nihil
847 927 945 954 vero
962 915 1013 955 de
1027 918 1095 957 sua
1111 928 1252 958 mente
1269 919 1486 969 pandidit.

139 954 364 1005 Propterea
381 960 624 1000 mandatum
641 961 680 1001 ei
698 966 751 1003 est
765 989 779 1009 ‚
796 974 842 1004 ut
860 967 957 1017 quid
971 971 1219 1010 censendum
1239 971 1340 1013 effet
1354 973 1488 1013 etiam

139 1019 163 1046 e
180 1008 250 1047 suo
277 1021 527 1060 proponeret
545 1039 559 1059 ,
591 1017 939 1065 quemadmodum
956 1020 1062 1062 fecit
1079 1052 1090 1063 .
1120 1024 1246 1063 Nunc
1274 1024 1388 1065 deiis
1413 1026 1487 1065 bo·-

137 1059 202 1098 nis
223 1061 497 1104 deliberandis
513 1090 527 1111 ,
561 1067 599 1107 &
615 1066 759 1109 favore
777 1083 950 1122 quorum
965 1097 980 1119 ‚
1011 1076 1050 1115 8<
1068 1076 1212 1131 quibus
1231 1078 1487 1121 conditioni·-

138 1112 210 1151 bus
229 1115 423 1164 quaeritur
440 1147 450 1157 .

87 1158 199 1204 Bona
220 1167 413 1213 venalia,
442 1171 480 1210 ὃς
497 1170 728 1215 oblationes
754 1187 828 1225 pro
857 1178 906 1218 iis
934 1183 1150 1231 emendis,
1173 1184 1360 1225 distinete
1391 1211 1403 1231 ‚
1433 1189 1489 1226 ac'

136 1216 207 1257 suo
224 1220 368 1260 ordine
400 1224 505 1271 apud
519 1237 789 1269 monumenta
807 1231 1139 1277 circumferenda
1170 1239 1298 1278 causae
1327 1240 1483 1281 habeu-

137 1275 206 1327 tnr
221 1296 234 1315 ,
249 1284 335 1322 quae
353 1286 487 1325 neque
515 1288 793 1327 opportunum
811 1285 865 1324 est
880 1309 892 1329 ,
907 1298 1041 1338 neque
1058 1290 1107 1330 ad
1124 1291 1372 1341 dignitatem
1391 1302 1480 1339 per·

140 1328 266 1368 tinet,
290 1334 336 1363 ut
353 1327 455 1365 hanc
470 1331 660 1378 paginam
677 1334 893 1379 impleant.
913 1339 1157 1387 oblatores,
1176 1344 1484 1389 unusquisque...

144 1384 221 1422 pro
238 1376 294 1419 se,
309 1377 541 1422 supplicant
553 1404 565 1413 .

91 1424 318 1471 Episcopus
338 1425 418 1462 suis
436 1425 624 1464 secundis
637 1427 777 1465 literis
789 1427 926 1467 dicit:
954 1434 1141 1473 mandatis
1157 1441 1276 1486 igitur
1292 1441 1483 1493 obsequens

139 1489 217 1512 rem
242 1477 366 1524 oppido
398 1476 531 1514 utilem
546 1478 631 1523 fore
653 1487 740 1526 puto
755 1504 768 1523 ,
785 1481 820 1528 st
851 1483 1026 1531 (excepta
1058 1487 1162 1525 domo
1179 1502 1389 1540 nuncupata
1404 1496 1481 1533 la...

135 1529 188 1566 V
180 1529 304 1564 ecchia
320 1552 332 1571 ,
365 1531 425 1564 cui
439 1530 554 1564 minus
559 1526 657 1579 justo
674 1530 797 1569 valore
812 1533 971 1571 oblatum
995 1536 1076 1583 fuit
1087 1545 1252 1588 pretium
1267 1558 1289 1582 a
1306 1544 1398 1582 Phil
1403 1550 1484 1596 ippo

135 1579 317 1616 vrhinate
331 1587 346 1622 J
374 1577 591 1617 oblatoribus
610 1586 748 1621 caeteris
759 1593 823 1633 pro
839 1591 957 1635 pretio
974 1592 1014 1627 in
1027 1593 1177 1638 publica
1197 1597 1296 1647 basta
1312 1603 1484 1637 enuncia-

131 1639 169 1669 το
182 1655 196 1675 ,
215 1630 284 1680 sui
299 1634 428 1681 cuique
433 1631 549 1679 fundi
563 1636 787 1674 addicantur
799 1651 814 1677 ,-
844 1648 922 1675 tum
936 1646 1022 1691 quia
1041 1642 1219 1698 ejusmodi
1232 1654 1356 1699 pretia
1371 1664 1481 1691 exce-

129 1684 228 1721 dunt
241 1708 254 1729 ‚
271 1683 363 1721 alias
372 1683 511 1730 faciam
525 1700 546 1723 a
554 1689 688 1736 peritis
704 1690 970 1739 aestimationem
989 1721 1001 1740 ,
1022 1706 1099 1734 tum
1115 1704 1200 1750 quia
1208 1703 1257 1751 fi,
1275 1713 1318 1740 ut
1331 1713 1400 1752 par
1415 1704 1479 1754 est,

131 1737 177 1773 ὅτι
195 1740 406 1785 emptionem
417 1738 574 1777 locorum
593 1744 768 1779 montium
782 1757 989 1793 erogentur,
1013 1752 1152 1790 reditus
1171 1767 1248 1792 eam
1262 1756 1345 1802 fere
1360 1770 1476 1806 quan·-

131 1790 283 1826 titatem
299 1792 506 1881 aequahlusm
522 1806 630 1842 quam
641 1797 784 1845 predia
798 1798 892 1837 dare
905 1801 1178 1851 consueverunt
1195 1831 1208 1852 ‚
1219 1808 1319 1855 fabio
1330 1817 1398 1856 per
1412 1811 1479 1847 de-

135 1845 302 1880 cennium
318 1844 420 1881 calcu
438 1858 455 1881 o
468 1874 481 1885 .

79 1893 204 1937 vnum
220 1904 342 1934 tamen
359 1898 571 1936 monendum
589 1904 744 1941 arbitror
756 1925 772 1946 ‚
803 1907 977 1945 nimirum
994 1914 1130 1959 peritos
1147 1913 1218 1960 sub
1232 1916 1337 1951 unico
1349 1917 1471 1964 pretio

129 1950 433 2000 comprehendiffe
439 1956 587 2000 gemina
600 1958 740 2004 praedia
749 1957 821 2005 sibi
833 1961 1045 2000 cohaerentia
1057 1987 1070 2008 ‚
1098 1978 1176 2015 quae
1200 1967 1272 2015 fita
1280 1966 1370 2015 sunt
1395 1971 1472 2004 iri-2

127 2004 275 2048 regione
289 2004 329 2039 di
345 2005 493 2051 Coscone
507 2034 517 2044 .
548 2009 621 2045 Pro
637 2009 780 2058 istorum
795 2012 910 2051 altero
937 2018 955 2059 [
974 2015 1130 2063 sbrvata
1151 2023 1374 2068 proportione
1385 2029 1469 2067 pre*

126 2056 178 2089 tii
194 2076 207 2095 ‚
236 2067 277 2091 ac
294 2055 488 2103 mensure)
519 2061 639 2098 Comes
663 2063 868 2103 Rainaldas
886 2067 1113 2107 Simonettus
1139 2071 1352 2108 oblationem
1353 2073 1469 2120 suam

129 2105 255 2143 edidit
280 2111 319 2145 in
326 2108 446 2155 scutis
471 2121 584 2154 1500.
613 2114 685 2163 ipso
715 2118 795 2154 afffu
820 2118 1068 2168 stipulationis
1085 2123 1325 2170 Iusti-umenti
1346 2137 1475 2161 nume-

127 2160 282 2198 randis-3
311 2162 446 2211 quodsi
463 2165 618 2214 conceffiz
649 2168 813 2214 eifuerit
825 2172 953 2209 dilatio
967 2173 1142 2221 solvendi
1151 2180 1264 2224 pretii
1295 2178 1344 2213 ad
1359 2179 1471 2225 quin-

130 2215 325 2258 quennium
338 2236 350 2256 ‚
374 2223 508 2262 praeter
522 2232 695 2268 congruas
708 2222 836 2271 usuras
849 2226 1130 2274 compensativas
1145 2253 1156 2272 ‚
1170 2232 1333 2277 pretium
1348 2230 1463 2266 adarca

124 2264 190 2299 ecit
218 2265 267 2300 ad
268 2265 454 2312 summam
470 2270 570 2316 scut.
603 2276 718 2321 1691.
736 2304 745 2313 .
773 2278 832 2314 Ex
847 2277 942 2325 hisce
972 2279 1207 2318 oblationibus
1227 2282 1462 2330 secundam-a

124 2317 246 2363 potius
259 2340 273 2360 ‚
304 2331 409 2367 quam
417 2324 572 2368 primam
597 2326 874 2375 ampleffiendam
890 2332 1049 2370 arbitror
1065 2359 1078 2378 ‚
1108 2343 1228 2382 utpote
1245 2334 1458 2372 hareditan·

130 2371 244 2415 magis
266 2371 466 2418 proficuam
497 2397 510 2417 ‚
540 2388 653 2425 neque
680 2383 774 2416 enim
801 2381 953 2420 ablatori
972 2397 1092 2432 grave
1123 2411 1135 2430 ‚
1186 2397 1249 2422 aut
1279 2384 1466 2433 difficilsss

133 2422 203 2456 erit
229 2427 390 2470 pretium
417 2438 606 2465 numerare
632 2454 645 2474 ‚
686 2434 745 2466 cui
763 2431 913 2478 scilicet
954 2437 1090 2475 idonea
1120 2437 1321 2486 suppetunt
1339 2437 1468 2484 facul-

79 2517 219 2570 'Neque
234 2539 319 2565 vero
346 2533 361 2575 (
375 2531 632 2580 prosequitur
649 2536 662 2577 )
693 2538 954 2574 retardandam
969 2548 1059 2587 puto
1076 2542 1312 2579 addiffiionem
1338 2555 1384 2580 ex
1398 2555 1436 2580 eo
1450 2567 1464 2588 ‚

130 2576 224 2623 quod
238 2579 402 2619 hafienus
427 2597 526 2621 nemo
530 2586 583 2632 fit
597 2596 753 2636 repertas
770 2614 782 2634 ,
813 2592 875 2638 qui
891 2589 946 2627 rel
957 2596 1050 2641 iquis
1068 2594 1314 2632 baereditariis
1338 2597 1436 2633 honix
1449 2618 1465 2639 ,

128 2635 253 2674 nempe
281 2632 416 2671 duabus
435 2638 594 2675 domibus
611 2663 623 2683 ‚
658 2642 700 2683 ὠ·
726 2644 875 2679 totidem
902 2645 1092 2692 praediolis
1118 2649 1356 2697 adquirendis
1386 2649 1465 2684 ani-

126 2693 225 2715 mum
243 2681 442 2733 adjecerit:
473 2693 628 2739 quinimo
658 2703 865 2732 ceterorum
876 2696 1045 2734 bonorum
1072 2702 1236 2739 venditio
1255 2701 1343 2738 alios
1359 2700 1463 2746 faci-

125 2731 161 2770 le
191 2733 331 2771 alliciet
345 2763 356 2780 ,
388 2742 430 2781 ὠ*
445 2742 565 2782 domus
581 2744 642 2784 vel
657 2747 803 2797 divisim
816 2773 828 2794 ,
858 2749 921 2786 vel
930 2751 1073 2796 insimul
1084 2757 1198 2794 unitae
1235 2756 1286 2794 ad
1301 2755 1462 2790 domici-

178 2786 470 2832 Tom.XXXlV.
890 2801 928 2839 D
960 2816 979 2840 2
1366 2804 1460 2842 lium
