2035 2969
585 146 868 233 defunctorum
900 195 1058 229 tautum
1075 201 1090 229 ,·
1118 200 1220 227 nunc
1249 186 1412 227 extendi
1429 187 1680 226 exactionem
1695 186 1742 225 ad
1761 186 1870 236 officia
1886 214 1901 234 ,

582 258 629 284 ac
650 247 868 294 festivitates
886 268 898 286 ‚
946 243 982 279 Sc
1009 254 1092 289 quae
1124 254 1200 279 non
1222 241 1352 278 solum
1381 241 1420 277 in
1451 240 1618 277 ecclefia
1645 241 1867 287 parochiali
1890 265 1903 284 ,

581 297 647 336 sed
680 298 719 333 in
749 294 910 333 annexis
940 292 1129 331 oratoriis
1158 292 1442 331 celebrantur.
1474 290 1639 334 Testes,
1667 291 1735 340 qui
1762 291 1902 330 dehac

579 347 789 388 exactione
818 355 914 384 ante
930 346 1143 383 decretum
1173 344 1375 383 affirmant
1392 369 1405 389 ‚
1422 343 1616 392 deceptos
1635 366 1649 387 ‚
1678 354 1722 380 ac
1737 343 1906 382 menda-

579 411 647 439 ces
664 397 741 437 effe
760 427 769 436 .

525 450 592 489 Ad
608 451 661 488 11.
679 450 852 489 maxime
884 446 961 486 effe
994 448 1310 488 consentaneum
1328 446 1511 500 aequitati
1531 471 1544 490 ‚
1577 453 1624 485 ut
1639 446 1708 483 suo
1722 446 1898 486 ordint)

579 501 806 541 invitentur
824 501 1050 549 presbyteri
1066 524 1078 543 ‚
1109 501 1176 549 qui
1207 501 1246 539 in
1262 501 1352 540 aliis
1371 500 1484 538 rebus
1514 499 1594 536 fine
1609 499 1694 536 ulla
1707 498 1898 538 mercede

576 557 798 603 parochum
830 553 1025 592 adiuvant
1054 576 1067 595 s
1111 554 1147 591 Sc
1175 553 1383 592 communi
1422 551 1597 590 ecclefiae
1640 549 1864 589 inserviunt
1883 578 1895 589 .

576 604 663 644 Esse
678 606 995 644 cousentaneum
1011 605 1323 650 consuetudini,
1355 616 1439 656 quat
1456 603 1506 641 de
1522 614 1568 640 ea
1586 614 1628 639 re
1658 601 1697 640 in
1716 602 1808 640 loco
1828 604 1901 640 ha-

572 658 690 697 betur
710 686 719 695 .
752 655 962 704 Synodum
990 655 1142 695 idcirco
1173 657 1366 706 vrselliam
1393 655 1485 695 anni
1519 666 1629 699 1737.
1664 666 1741 691 non
1758 663 1898 692 atten-

579 708 755 748 dendam
772 737 780 746 .
814 707 1014 745 Praeterea
1031 708 1157 747 etiam
1176 711 1214 748 iu
1232 722 1278 749 ea
1296 708 1460 758 Synodo
1476 706 1747 756 praescriptum
1762 703 1896 751 fuisse,

577 769 623 800 ut
639 760 752 799 cives
770 759 1034 808 praeferantur
1051 762 1199 801 exteris
1215 791 1224 800 .

524 813 591 855 Ad
612 812 686 851 III.
704 812 933 850 inauditum
951 812 1155 861 hucusque
1172 811 1247 852 effe
1265 837 1277 856 ‚
1308 814 1568 862 presbyteros
1587 809 1763 848 ecclefiae
1783 810 1898 848 cele-

574 866 687 903 brare
703 875 780 902 non
799 863 902 911 poffe
920 864 1044 907 sacra,
1061 865 1129 902 nisi
1146 865 1328 915 qualibet
1345 865 1434 903 vice
1454 864 1710 912 impetrarint
1728 862 1895 900 veniam

579 929 601 955 a
628 918 804 964 parocho
831 929 846 955 ,¹
886 915 1230 964 quemadmodum
1272 929 1343 956 nec
1373 925 1557 964 campanas
1587 939 1599 956 ‚
1642 926 1726 964 quae
1759 913 1899 953 populi

575 967 800 1016 sumptibus
816 968 996 1005 conflata:
1012 968 1101 1006 sunt
1119 993 1132 1012 ‚
1165 980 1209 1008 ac
1226 970 1438 1008 servantur
1453 993 1465 1013 ,
1496 967 1642 1016 pulsari
1659 964 1765 1015 poffe
1780 964 1895 1005 ,Non

578 1018 656 1059 effe
673 1031 739 1058 eas
759 1032 819 1057 res
834 1020 884 1058 de
899 1020 1051 1065 juribus
1069 1022 1366 1068 parochialibus
1389 1050 1398 1060 .

524 1069 592 1110 Ad
622 1071 693 1111 IV.
720 1071 898 1109 dolosam
924 1095 937 1115 ‚
980 1080 1102 1121 atque
1128 1073 1370 1123 ampliorem
1403 1072 1629 1111 mensuram
1665 1071 1712 1109 ab
1746 1069 1896 1108 Archi-

579 1124 819 1172 presbytero
835 1135 906 1171 pro
922 1127 1071 1163 decimis
1091 1124 1334 1174 suppositam
1347 1149 1359 1169 ‚
1378 1125 1425 1163 ad
1442 1132 1631 1164 veterem
1650 1149 1662 1169 ,
1676 1123 1713 1162 Sc
1728 1123 1897 1168 justam.»

576 1174 849 1214 reducendam
867 1174 973 1214 esse:

523 1223 590 1265 Ad
617 1226 666 1264 V.
686 1226 837 1264 idcirco
852 1228 963 1266 omni
977 1228 1064 1272 jure
1083 1229 1221 1271 iniuste
1238 1238 1429 1279 percepta
1447 1228 1688 1270 restituenda
1710 1257 1719 1265 .

536 1279 603 1318 Ad
616 1271 688 1316 VI.
713 1279 849 1316 teneri
879 1280 928 1317 ad
959 1280 1249 1321 instaurandam
1280 1283 1482 1322 fornicem
1517 1281 1725 1331 campanilis
1758 1279 1894 1317 archi-

573 1331 858 1378 presbyterum
890 1355 901 1374 s
942 1331 1008 1381 qui
1039 1333 1205 1381 pingues
1238 1336 1394 1374 reditus
1409 1337 1416 1365 l
1434 1335 1506 1373 suae
1537 1332 1748 1381 praebendae
1777 1332 1902 1369 habet

576 1382 962 1426 Canon.fiMonachus
998 1385 1092 1428 caus.
1105 1389 1164 1418 16.
1183 1388 1296 1431 quaest.
1309 1400 1339 1420 1.
1373 1388 1518 1432 Barbas:
1535 1387 1580 1421 de
1594 1385 1675 1430 offic.
1710 1387 1753 1426 ἐπ’
1766 1383 1892 1431 potest.

571 1434 730 1472 ,Par-och.
742 1441 840 1480 part.
852 1445 877 1467 1.
901 1440 999 1478 cap.1
1011 1445 1044 1468 2.
1058 1445 1197 1471 num‚2.
1216 1436 1322 1472 Card.
1337 1436 1381 1470 de
1395 1437 1494 1472 Luca
1509 1438 1547 1470 in
1562 1432 1894 1480 MzJscelLdifca9.

576 1497 715 1523 mmm.
742 1483 1043 1520 Rot.inRecent.
1063 1485 1266 1532 decifi504·
1283 1498 1419 1524 numa.
1461 1488 1552 1527 &a
1579 1494 1745 1532 part.19.
1777 1494 1899 1528 paro-

576 1536 743 1573 chianos
758 1545 856 1572 vero
875 1533 1024 1572 nonnisi
1055 1534 1093 1573 in
1110 1536 1324 1576 subsidium
1339 1566 1347 1575 .
1379 1536 1640 1575 Hodiernum
1670 1534 1797 1580 ipsum
1833 1547 1899 1573 ar»-

578 1587 932 1635 chipresbyterum
961 1586 1139 1627 haeredes
1173 1589 1231 1626 sui
1249 1587 1464 1628 decessoris
1494 1586 1543 1625 ad
1577 1586 1725 1624 turrim
1752 1595 1896 1635 campa-

574 1643 715 1677 nariam
742 1637 990 1676 fulciendam
1007 1637 1176 1688 coegiffe
1193 1670 1201 1678 .
1231 1641 1421 1691 Iniquum
1449 1638 1525 1680 effe
1542 1661 1556 1682 s
1586 1646 1631 1677 ut
1649 1638 1716 1676 fibi
1748 1638 1897 1686 ipsidi-

575 1704 667 1731 cere
682 1692 743 1735 jus
759 1690 963 1728 detrectet
983 1714 995 1733 ,
1012 1691 1118 1741 quod
1135 1692 1228 1730 aliis
1245 1692 1349 1731 dixit
1364 1722 1374 1732 .

522 1743 590 1785 Ad
607 1742 703 1783 VII.
732 1742 781 1780 de
808 1741 1086 1781 distributione
1116 1743 1378 1783 candelarum
1408 1745 1448 1782 in
1475 1742 1571 1783 festo
1592 1742 1894 1782 Purificationis

572 1795 616 1833 B.
633 1794 773 1832 Mariae
790 1793 970 1841 Virginis
986 1819 998 1838 ‚
1017 1804 1201 1834 veterem
1220 1796 1330 1834 usum
1347 1795 1419 1835 esse
1434 1821 1446 1840 ‚
1479 1797 1516 1836 Sc
1533 1798 1632 1834 hanc
1648 1796 1891 1834 distributio·

574 1859 669 1885 nem
687 1847 792 1885 inter
809 1845 1058 1893 parochialia
1078 1860 1202 1886 onera
1222 1848 1422 1886 recenseri
1443 1860 1452 1885 ε

522 1898 589 1940 Ad
608 1897 724 1938 V111.
743 1899 836 1937 hinc
852 1907 1066 1945 propterea
1084 1899 1279 1947 proficisci
1298 1925 1309 1943 ‚
1340 1901 1403 1938 vel
1417 1900 1576 1939 omissas
1590 1891 1893 1940 distributiones

575 1949 815 1998 supplendas
835 1976 847 1993 ,
867 1951 931 1987 vel
951 1951 1164 1997 pecuniam
1185 1951 1222 1989 in
1240 1951 1326 2000 pios
1344 1953 1431 1991 usus
1449 1953 1693 2004 erogandam
1708 1983 1716 1993 .

523 2003 590 2044 Ad
618 2001 693 2040 IX..
723 2001 961 2041 sodalitium
1005 2002 1235 2045 sauc‘riflimi
1269 2004 1523 2044 Sacramenti
1561 2006 1607 2042 ab
1636 2016 1739 2042 anno
1775 2009 1890 2045 1610.

571 2054 803 2101 Apostolica
822 2053 1068 2093 austoritate
1090 2057 1293 2101 erecffirm,
1310 2057 1357 2095 ab
1374 2069 1422 2095 eo
1441 2066 1628 2105 tempore
1648 2057 1760 2094 suum
1776 2057 1892 2097 usum

573 2104 784 2145 retinuiffe
804 2105 983 2154 eligendi
1000 2106 1098 2147 duos
1111 2109 1284 2156 revisores
1302 2133 1315 2153 ,
1349 2122 1390 2147 ac
1406 2110 1656 2158 depofitarium
1671 2133 1684 2154 ‚
1713 2108 1784 2159 qui
1808 2109 1892 2150 fine
1931 2122 1935 2151 ,·

574 2159 660 2196 ulla
676 2157 868 2197 mercede
884 2157 1074 2197 sodalitio
1094 2159 1346 2199 inserviunt:

521 2210 587 2250 Ad
607 2209 656 2249 X.
673 2210 765 2247 hinc
781 2208 1073 2249 difficillimum
1092 2211 1166 2250 effe
1183 2212 1365 2252 invenire
1381 2213 1631 2262 depffitarium
1644 2238 1658 2258 ,
1691 2213 1759 2263 qui
1777 2236 1791 2258 ι,
1807 2213 1888 2251 fine

569 2262 656 2301 ulla
669 2261 876 2304 mercede,
896 2270 1041 2301 caveat
1056 2291 1065 2303 .
1091 2263 1266 2303 Nullum
1283 2266 1510 2311 periculum
1529 2265 1744 2305 imminere
1761 2289 1776 2310 ‚
1793 2275 1892 2303 curn

572 2314 650 2355 soli
695 2321 828 2361 patres
876 2312 1055 2356 familias
1099 2318 1201 2355 bona
1238 2315 1479 2365 possidentes
1521 2317 1561 2356 in
1602 2317 1754 2357 sortem
1790 2316 1891 2354 mit-

573 2374 741 2404 tantur.

520 2416 600 2474 Ad·
617 2417 880 2468 XLdenique
896 2420 1039 2463 justum
1054 2417 1131 2459 effe
1147 2445 1159 2465 ‚
1178 2427 1225 2459 ut
1239 2422 1336 2471 qui,
1362 2422 1400 2461 ὃς
1415 2421 1712 2470 eleemosynas,
1727 2422 1764 2461 Sc
1776 2421 1889 2459 obla-

569 2477 702 2528 tiones
722 2471 923 2518 percepit,
940 2471 987 2512 de
1005 2484 1143 2511 earum
1165 2474 1399 2522 erogatione
1431 2473 1577 2513 doceat
1593 2500 1606 2520 ‚
1631 2473 1698 2514 vel
1715 2473 1889 2513 saltem.»

571 2529 793 2566 iuretmw
851 2533 921 2552 s·-

517 2572 616 2613 Alia
630 2585 673 2612 ex
689 2580 802 2621 parte
818 2576 1158 2625 archipresbyter,
1176 2578 1223 2617 de
1241 2577 1271 2617 I.
1289 2578 1446 2629 allegat
1464 2577 1673 2627 Synodum
1694 2591 1822 2625 1737o
1845 2577 1886 2616 86

568 2626 907 2665 consuetudinem
922 2629 1081 2667 suorum
1095 2629 1344 2671 decessorum
1362 2656 1374 2674 ‚
1407 2643 1527 2680 quam
1543 2632 1755 2677 probatam
1785 2640 1883 2669 cou-

564 2677 926 2730 tenditzallegat‚&
940 2682 1144 2725 rationem
1157 2683 1356 2732 optimam
1369 2683 1444 2724 effe
1462 2683 1627 2730 majoris
1645 2679 1881 2773 exact-33¹3-
