1986 2996
98 213 202 259 Seff.
225 227 281 259 14.
319 224 392 265 cap.
415 230 451 263 7.

100 266 125 299 d
145 280 162 302 e
180 266 361 312 reformat.

548 162 595 195 80
978 152 1193 205 19.Aprilis
1216 160 1335 201 1766.⁴

583 206 929 246 ARRACINEN.
963 209 1160 265 spfiagcnttae
1177 234 1188 251 ‚
1222 209 1313 246 loco
1343 206 1524 244 dioeccfis
1559 210 1708 246 Tarraca·
1712 211 1852 257 ·Jenst5‚

608 264 666 295 ilie
686 273 717 294 1.
740 260 793 306 J
789 260 841 294 lii
861 265 1073 304 1762.r15a
1095 271 1185 299 orta
1202 262 1253 298 est
1272 261 1380 298 inter
1396 259 1583 308 aliquot
1572 272 1765 306 juvenes,
1785 262 1851 312 qui

542 313 660 349 noctu
690 310 893 349 cantando
911 314 1151 351 cursitabant
1170 338 1182 355 ‚
1203 324 1293 350 cum
1311 311 1400 349 aliis
1433 337 1446 355 ‚
1479 323 1546 359 qui
1564 323 1852 351 occur.rerant

541 364 748 401 Diaconus
769 365 825 398 M
822 365 932 400 chael
949 366 1116 412 Angelus
1134 364 1295 412 Fzsnas
1311 390 1322 408 ‚
1353 363 1420 412 qui
1436 362 1569 400 vicem
1589 371 1684 400 tunc
1716 366 1852 404 absen-

541 415 592 453 tis
620 425 672 461 pr
669 422 803 451 etoiis
835 418 999 462 gerebat
1017 443 1030 461 ‚
1073 430 1121 455 ne
1163 417 1418 466 lequentibus
1462 415 1642 453 nostibus
1674 416 1848 453 similib

538 465 753 504 evenirent
771 491 782 509 ,
817 469 920 505 maxi
933 481 995 506 me
1012 470 1061 506 ob
1078 470 1292 518 vulgatum.
1322 478 1526 505 rumorem
1542 467 1646 516 quod
1676 478 1769 504 cum
1785 479 1848 505 ar-

538 519 614 557 mis
649 517 797 554 iterum
825 519 1007 558 inceffiui
1042 518 1194 564 essent,
1225 520 1323 558 duos
1343 532 1363 557 e
1381 518 1563 575 prox-imo
1578 520 1765 567 Carpineto
1784 531 1851 557 ac-

538 569 698 607 cerlivit
720 570 922 609 satellites
939 598 950 615 ‚
985 572 1109 620 iisque
1142 572 1284 610 addito
1315 572 1382 609 suo
1398 570 1517 608 curiae
1538 574 1768 618 apparitore
1785 584 1849 609 ar-

536 631 648 659 mato
663 645 674 662 ‚
692 621 905 660 mandavit
925 649 937 667 ‚
957 634 998 662 ut
1015 625 1040 661 fi
1060 635 1158 673 quos
1179 624 1411 662 invenirent
1432 624 1551 660 not‘tu
1570 635 1638 670 per
1654 623 1849 670 oppidum

537 682 731 722 vagantes
749 685 945 721 caperent
964 702 975 720 ‚
1006 677 1043 715 R:
1066 676 1102 713 in
1136 688 1317 714 carceres
1349 677 1556 713 traherent
1577 703 1585 712 .
1617 674 1725 712 Hinc
1741 677 1846 717 die3.

537 724 695 777 ejusdem
713 727 830 773 mensts
863 729 1040 766 excitata
1067 729 1332 766 contentione
1365 726 1471 764 inter
1491 738 1557 764 eos
1572 726 1816 765 cumiisdem
1835 754 1847 772 ,

537 790 636 834 quos
655 787 845 825 vagantes
875 779 1060 818 fimiliter
1088 780 1345 822 invenerunt,
1368 791 1464 816 unus
1485 790 1625 816 eorum
1641 779 1774 817 cultro
1791 780 1852 818 le-

534 830 641 867 viter
660 830 897 868 vulneratus
918 833 999 875 est,
1017 833 1122 870 alter
1138 844 1236 869 vero
1255 831 1445 869 occubit.

484 875 607 919 Curia
626 883 885 930 Tarracinensts
903 909 914 927 ‚
932 883 1010 930 post
1028 884 1157 921 multa
1176 882 1354 929 Fasanum
1368 895 1387 919 a
1406 895 1520 929 poena
1536 881 1698 920 tandem
1715 883 1842 920 absol-

535 934 596 972 vit
618 960 630 977 ‚
664 946 733 982 qul
749 932 897 971 deinde
913 936 1204 984 dffprergs'ati071e721
1218 937 1260 970 ab
1272 934 1541 981 irregularitate
1574 934 1696 979 petiit
1727 963 1735 971 .
1769 935 1848 973 VC-

535 998 624 1023 rum
642 986 753 1031 die4.
772 985 883 1032 Junii
902 993 1014 1032 1763.
1033 1011 1045 1030 ‚
1079 998 1122 1023 ac
1142 999 1203 1028 23.
1221 986 1355 1023 Martti
1378 990 1488 1029 1765.
1517 985 1633 1022 Sacra
1661 984 1842 1033 Congre-

534 1037 647 1084 gatio
675 1037 823 1081 rejecit
852 1047 995 1082 preces
1024 1067 1033 1076 .
1069 1038 1145 1076 Eas
1177 1050 1279 1075 nunc
1312 1038 1438 1075 tertio
1466 1037 1689 1074 instaur-‚at
1725 1036 1776 1074 Se
1809 1037 1840 1076 Ι.

534 1087 638 1125 dicit
658 1099 731 1125 non
750 1087 824 1126 else
844 1087 1108 1138 irregularem
1122 1116 1133 1127 .
1166 1089 1217 1128 11.
1238 1089 1382 1128 saltem
1400 1087 1532 1126 credit
1548 1087 1625 1126 effe
1659 1089 1843 1137 dispensa-

536 1143 626 1176 riom·
644 1141 777 1176 locum
797 1169 806 1177 .

482 1190 548 1228 Ad
569 1191 597 1228 1.
616 1192 672 1227 ait
694 1216 705 1234 ‚
735 1194 1047 1239 irregularitatem
1079 1195 1181 1231 hanc
1213 1205 1258 1231 ex
1301 1193 1454 1230 deusto
1485 1189 1713 1237 dicipoffes
1741 1190 1847 1230 deli-

534 1243 641 1279 &um
662 1254 759 1279 vero
787 1255 864 1281 non
893 1242 969 1282 effe
987 1245 1065 1282 fine
1083 1246 1201 1289 culpa
1218 1268 1230 1283 ‚
1264 1245 1302 1281 se
1317 1253 1458 1282 autem
1493 1243 1653 1289 culpam
1683 1255 1759 1280 non
1777 1245 1848 1282 ha-

533 1295 653 1333 bere3
683 1293 857 1343 ideoque
875 1307 1004 1342 neque
1040 1294 1115 1334 esse
1149 1296 1412 1343 irregularem
1441 1298 1516 1332 Sor.
1532 1293 1594 1331 lib.
1604 1306 1634 1334 5.
1664 1295 1705 1331 de
1721 1292 1844 1347 justit.

534 1346 648 1395 quaest.
660 1360 691 1383 1.
713 1356 784 1383 art.
793 1351 828 1385 8.
849 1348 939 1396 vers
956 1349 997 1384 td
1011 1357 1132 1384 antem
1149 1347 1364 1395 ,Enriqnez
1383 1347 1445 1384 lib.
1468 1359 1526 1388 13
1555 1346 1600 1382 de
1613 1358 1744 1384 excom.
1763 1360 1840 1384 con-

525 1398 617 1445 clus.
629 1411 661 1436 1.
681 1398 806 1437 colum.
812 1413 903 1447 994.

481 1449 669 1488 Debuifle
687 1458 783 1489 tunc
800 1451 933 1489 facere
955 1476 967 1495 ‚
999 1452 1103 1502 quod
1136 1450 1235 1489 fecit
1255 1476 1267 1494 ‚
1298 1460 1341 1488 ut
1370 1450 1528 1499 jurgia,
1559 1462 1603 1488 ac
1634 1451 1842 1496 perturba-

531 1501 688 1540 tionem
708 1503 910 1550 publicam
929 1504 1183 1549 prohiber.et
1225 1503 1263 1540 Si
1284 1514 1359 1540 non
1377 1501 1531 1541 lecillet
1566 1503 1841 1549 reprehensio-

531 1565 583 1591 ne
613 1553 780 1600 dignum
811 1553 950 1593 fuiffe.
980 1555 1044 1593 Ad
1076 1566 1162 1593 eam
1183 1567 1268 1592 rem
1290 1555 1492 1593 satellites
1514 1552 1668 1593 vocalse
1697 1583 1706 1592 .
1741 1554 1839 1592 Ideo

528 1602 738 1645 mififfemt
756 1604 1138 1652 perterrefacerent,
1153 1618 1196 1643 ac
1215 1606 1476 1645 continerent
1493 1615 1683 1653 vagantes
1700 1616 1827 1643 arma-

530 1664 595 1693 tos
612 1685 620 1694 .
651 1655 770 1704 Qod
790 1657 942 1695 accidit
960 1682 972 1699 ‚
997 1671 1043 1696 ex
1064 1657 1278 1706 improviso
1299 1656 1473 1696 eveniffe
1496 1687 1504 1694 .
1525 1656 1641 1694 Nihil
1663 1669 1832 1706 praeme-

529 1708 707 1746 ditatum
727 1737 735 1745 .
763 1708 880 1746 Nihil
899 1710 1200 1758 excogitatum.
1233 1708 1350 1746 Nihil
1380 1709 1428 1746 de
1465 1711 1539 1746 hoc
1557 1709 1690 1747 vereri
1705 1711 1741 1747 sc
1763 1721 1835 1756 po-

531 1759 673 1798 tuisse.
709 1760 891 1798 Mortem
922 1762 1033 1799 ultro
1062 1762 1313 1799 occurrenti>
1338 1786 1349 1804 ‚
1384 1762 1420 1799 Sc
1460 1760 1625 1797 rixantis
1659 1760 1837 1798 hominis

530 1810 744 1848 fortuitam
785 1813 852 1849 fibi
888 1824 962 1850 non
996 1813 1252 1851 tribuendam
1285 1812 1406 1849 inscio
1432 1837 1443 1856 ,
1471 1812 1507 1849 ἃ*
1535 1811 1688 1848 absenti
1722 1836 1732 1855 ,
1763 1812 1831 1859 qui

530 1863 631 1900 nihil
648 1863 731 1900 tale
747 1863 955 1901 mindavit
975 1888 987 1906 ,
1016 1866 1115 1901 nihil
1137 1864 1321 1909 previdit
1337 1888 1347 1906 ‚
1367 1863 1419 1900 nil
1439 1862 1670 1910 cogitavit.

472 1915 623 1964 Neque
641 1914 796 1963 aliquid
814 1914 947 1953 facere
964 1941 975 1958 ‚
1000 1916 1105 1965 quod
1122 1917 1241 1953 curie
1261 1915 1467 1962 apparitor
1484 1916 1531 1951 ab
1547 1913 1610 1950 sua
1624 1913 1745 1951 domo
1763 1927 1826 1953 ar-

524 1979 590 2004 ma
607 1967 779 2004 tulerit
807 1967 862 2004 Ea
885 1967 922 2004 ie
942 1979 1018 2004 non
1032 1967 1134 2005 dedi
1133 1965 1180 2004 se
1199 1993 1210 2009 ‚
1242 1975 1282 2003 ut
1301 1967 1394 2016 aliq·
1390 1978 1477 2004 iem
1495 1967 1503 2002 l
1514 1964 1687 2003 ederet.
1722 1967 1772 2004 Pr
1778 1980 1824 2004 με

523 2026 637 2056 terea
655 2020 927 2064 apparitorem
951 2024 969 2055 l
976 2018 1215 2056 omicidium
1237 2030 1311 2055 non
1329 2016 1592 2065 perpetralle.
1612 2017 1704 2054 Cat
1712 2031 1826 2056 erum

520 2070 618 2107 dare
635 2081 743 2107 arma
761 2069 839 2108 fine
857 2070 1066 2107 homicidii
1087 2070 1220 2107 auimo
1237 2095 1249 2113 ,
1281 2071 1345 2108 vel
1371 2068 1722 2116 praemeditatione
1740 2096 1750 2114 ‚
1775 2071 1824 2108 il-

520 2121 685 2159 licitum
703 2134 751 2159 eo
766 2121 856 2159 casu
877 2133 952 2158 non
984 2120 1096 2159 fuiffe
1114 2135 1127 2160 ,’
1155 2134 1198 2159 ac
1232 2131 1444 2167 propterea
1470 2133 1514 2159 ex
1550 2120 1598 2157 iis
1616 2144 1628 2162 ‚
1660 2134 1743 2171 qux
1764 2122 1824 2165 se-

522 2182 646 2222 quuta
664 2173 753 2210 sunt
769 2197 781 2216 ‚
811 2173 1152 2222 quemadmodum
1174 2185 1248 2210 non
1268 2175 1382 2218 culpa
1400 2200 1412 2218 ,
1450 2173 1505 2210 ita
1526 2184 1653 2221 neque
1671 2177 1816 2221 irregu-

520 2225 647 2261 laritas
668 2224 805 2263 venire
824 2227 959 2269 potuit
975 2235 1048 2274 cap.
1066 2227 1312 2263 continebatur
1326 2235 1400 2274 cap.
1422 2227 1470 2262 acl
1484 2226 1719 2270 audientiam,
1741 2237 1817 2275 cap.

519 2291 564 2313 ex
578 2277 636 2315 lit.
657 2279 701 2313 cle
716 2278 904 2314 homicidi0
921 2307 930 2316 .

466 2330 531 2370 Ad
553 2328 605 2366 11.
624 2329 659 2366 se
674 2329 926 2376 quadriennii
947 2330 1286 2376 exspec‘iationem
1306 2356 1317 2375 ‚
1332 2342 1375 2367 ac
1403 2330 1598 2378 repulsam
1617 2326 1793 2376 passum
1808 2359 1822 2368 .

516 2380 885 2420 Commiseratioue
904 2393 1007 2419 nunc
1025 2382 1192 2431 dignum
1212 2383 1287 2421 elle
1307 2406 1319 2425 ‚
1347 2394 1393 2420 ne
1413 2380 1629 2419 sacerdotii
1659 2383 1782 2429 gradu
1804 2408 1818 2427 ‚

516 2445 636 2480 quem
657 2441 873 2480 tantopere
890 2442 1053 2480 exoptat
1070 2435 1225 2473 diutius
1245 2435 1505 2481 prohibeatur
1531 2463 1538 2471 .
1572 2432 1702 2479 Ipsum
1719 2434 1820 2482 Epi-

515 2485 679 2529 scopum
711 2511 723 2529 ,
753 2485 819 2534 qui
850 2495 968 2524 antea
999 2488 1190 2525 renuebat
1221 2512 1233 2530 ‚
1267 2498 1368 2524 nunc
1396 2486 1621 2523 consentire
1641 2513 1650 2523 .
1681 2485 1841 2530 Maio-j

514 2547 598 2572 rem
616 2536 653 2573 se
674 2548 839 2575 exorare
858 2550 960 2576 nunc
980 2550 1025 2576 ex
1043 2538 1269 2586 Apostolica
1287 2537 1537 2586 benignitate
1561 2559 1574 2578 ³
1590 2548 1649 2574 .ac
1668 2537 1813 2577 lenita-

516 2592 558 2621 te
575 2587 899 2637 indulgentiam.

463 2634 682 2683 Episcopus
717 2649 778 2678 ter
812 2641 957 2679 retulit
990 2642 1038 2680 de
1068 2642 1260 2687 ejusmodi
1292 2654 1333 2680 re
1362 2670 1371 2679 .
1400 2641 1542 2681 Primae
1571 2644 1703 2682 literae
1721 2644 1813 2681 sunt

515 2684 600 2727 <hel
616 2701 677 2727 22·
697 2689 844 2732 Martii
870 2708 883 2732 1
895 2698 984 2740 763.
1002 2698 1119 2736 :His
1132 2694 1429 2746 igiturstantibus
1443 2694 1579 2738 clarum
1609 2694 1676 2745 effi
1690 2695 1815 2733 crede-

1736 2756 1808 2784 aem
