2035 2969
483 142 729 228 Acffertend
744 199 813 228 um
831 197 994 232 tamen,
1010 188 1117 236 quod
1134 189 1269 237 agitur
1287 187 1336 226 de
1350 190 1581 236 capellania
1594 213 1608 233 a
1623 193 1735 237 cujus
1754 191 1884 229 nomi·

541 240 657 280 natio
677 241 733 280 ad
752 250 975 290 patronum
992 249 1108 279 certe
1126 240 1306 287 pertinet
1326 269 1335 278 .
1369 241 1504 281 Nemo
1527 254 1575 279 ex
1594 242 1642 279 iis
1659 270 1671 287 ,
1703 245 1768 293 qui
1788 256 1881 291 υνκ-

533 294 753 334 sentarunt
773 319 786 338 ,
814 293 877 330 uti
897 292 1119 341 Episcopus
1151 293 1208 331 ait
1228 318 1240 336 ‚
1271 292 1321 331 de
1337 293 1405 331 suo
1434 296 1523 340 Jure
1551 294 1716 334 docuit.
1745 296 1881 334 Nemo

536 346 676 394 itaque
703 357 749 384 ex
768 344 1018 392 praesentatis
1036 368 1050 387 ‚
1067 353 1111 382 ut
1129 343 1369 392 praeferatur
1387 369 1401 388 ‚
1432 356 1558 397 atque
1573 357 1660 384 eam
1680 348 1880 392 obtineat,

547 397 672 436 docet
695 397 826 436 adhuc
846 396 896 436 de
916 397 985 435 suo
1015 395 1205 445 legitime
1235 396 1305 437 fibi
1321 399 1484 447 quaefito
1504 400 1591 444 jure
1608 424 1621 444 ,
1653 399 1759 449 quod
1787 397 1881 436 fun-

540 448 785 488 damentum
805 448 928 487 dandi
945 448 1091 493 judicii
1106 448 1152 487 fit
1169 479 1181 488 .

490 494 811 540 Advertendurn
829 500 979 540 itidem
995 526 1009 546 ‚
1025 513 1123 539 num
1138 502 1199 546 jus
1217 502 1488 551 praesentandi
1505 503 1551 542 ad
1567 502 1667 541 duos
1682 502 1796 541 fimul
1815 515 1884 541 eo-

543 553 637 593 dem
653 562 840 601 tempore
868 554 1044 601 spestare
1075 553 1218 602 poffit.
1253 554 1440 594 Testator
1461 557 1542 604 post
1572 556 1770 600 majorem
1787 562 1882 593 natu

542 605 746 647 haeredem
757 618 803 645 ex
818 605 928 644 linea
944 606 1165 645 masculina
1179 609 1655 656 RocciLotii,p0testatem
1670 607 1820 645 ultimo
1834 618 1880 644 ex

548 657 597 697 iis
618 656 720 696 fecit
741 658 1000 708 relinquendi
1019 658 1110 697 aliis
1125 659 1203 705 jus,
1221 673 1314 699 cum
1332 662 1454 697 eadem
1469 662 1669 698 conditione
1685 689 1693 698 .
1726 659 1804 697 His
1825 658 1881 696 ita

545 710 584 749 se
602 711 840 749 habentibus
858 736 870 755 ,
887 710 1177 761 inquirendum
1196 715 1362 752 restaret
1378 738 1389 757 ,
1408 725 1503 751 num
1516 712 1617 751 adeo
1631 712 1679 751 de
1696 711 1811 750 causa
1828 709 1880 748 li-

546 771 668 852 gueat
684 788 697 807 ,
714 771 759 802 ut
774 770 867 801 tuto
885 763 933 802 de
950 776 997 803 ea
1014 762 1215 808 judicium
1239 791 1250 811 ‚
1267 763 1373 815 quod
1393 764 1639 816 exquiritur,
1658 764 1752 803 ferri
1773 775 1875 800 nunc

547 847 551 851 .
579 815 694 855 ebeat
711 844 721 854 .
741 814 921 854 Dubium
944 817 996 855 est

598 868 667 906 An
678 892 691 913 ‚
707 870 750 912 &³
762 881 838 919 quae
844 868 1061 918 supplicatio
1065 872 1117 921 fit
1123 871 1301 920 signanda
1315 895 1326 915 ,
1346 873 1383 907 in
1401 870 1485 919 casu
1503 872 1577 914 glyc.

1772 2760 1847 2797 Die
