2035 2969
581 192 650 223 172
997 157 1296 213 23.A⁹fovembris
1319 174 1428 214 1765.

530 226 620 270 Hoc
637 236 775 268 autem
790 232 1073 273 argumentum
1093 232 1138 260 ex
1152 220 1295 260 ordine
1310 221 1514 270 scriptura:
1531 218 1790 263 desumptum
1805 217 1891 273 cesa

581 284 664 321 sare
687 279 837 316 dicitur
856 300 867 318 ‚
894 277 918 313 fi
935 273 1140 313 contraria
1168 272 1358 311 voluntas
1382 272 1585 313 testatoris
1612 283 1657 310 ex
1672 279 1760 309 tota
1793 269 1897 306 scri--

582 344 699 380 ptura
717 336 908 376 appareat
939 329 1023 364 Rot.
1043 330 1079 362 in
1094 325 1255 361 Romana
1269 325 1443 362 Salvium·
1474 328 1532 364 16.
1552 324 1744 362 Februarii
1778 331 1888 367 1753.

584 381 795 432 §.8.&seq.
812 393 928 419 coram
943 377 1074 416 Molin.

532 433 674 484 Itaque
694 435 719 470 si
732 432 867 470 omnia
888 432 1065 469 inunum
1081 427 1556 479 concludantur‚quaestio
1573 430 1657 467 haec
1672 424 1895 465 voluntatis

581 496 668 525 tota
685 511 696 530 ‚
725 493 768 522 ut
787 492 904 522 antea
924 481 1164 525 dicebatur,
1190 481 1242 518 est
1260 509 1270 520 .
1301 479 1380 519 Ubi
1408 482 1514 524 clara
1547 480 1731 521 voluntas
1756 478 1859 516 deest
1881 499 1893 518 ‚
1931 517 1935 520 ,

583 534 887 585 interpretanda
905 542 1019 573 certe
1035 535 1087 573 est
1103 556 1115 575 3
1145 531 1209 574 sed
1224 543 1270 573 ex
1288 533 1417 572 verbis
1446 532 1531 581 ipsis
1558 530 1757 572 testatoris
1773 542 1786 568 ,·
1815 541 1891 566 ηιμ)

580 590 678 630 alias
698 601 772 626 non
793 587 1040 635 interpretes
1059 611 1071 630 ‚
1098 584 1163 623 sed
1179 584 1410 624 conditores
1426 584 1757 623 testamentorum
1778 581 1849 620 sint
1880 606 1892 623 ‚

581 651 625 683 ut
646 652 690 679 ex
709 639 833 678 nimia
863 638 1055 679 libertate
1072 636 1261 684 opinandi
1289 649 1365 674 non
1394 648 1480 675 raro
1507 635 1681 675 accidit.
1713 631 1896 688 Conside-

584 694 660 732 rari
686 692 723 731 in
743 689 937 737 ejusmodi
969 687 1330 737 disceptationibus
1358 687 1560 727 interdum
1587 686 1892 724 circumstantiae

580 745 760 793 possunt,
791 741 990 782 testatoris
1009 740 1183 792 qualitas
1201 768 1214 788 ,
1244 741 1452 794 opulentia
1473 765 1485 787 ‚
1516 739 1680 787 persona
1694 735 1860 776 haeredis
1877 759 1890 780 ,

582 800 618 837 8<
633 796 777 836 fimilia
793 825 801 838 ,

528 848 701 902 Qando
716 856 856 888 autem
885 847 1012 891 adhuc
1028 846 1192 887 dubium
1211 849 1326 887 restat
1343 872 1355 890 ‚
1383 843 1587 893 sequendae
1617 843 1717 889 juris
1744 840 1890 899 regula:

567 902 694 943 suut,
724 912 808 949 quae
827 907 977 937 cavent
1003 898 1099 947 quid
1130 899 1402 945 incujuslibet
1422 896 1478 934 rei
1508 895 1628 933 dubio
1661 894 1890 947 existiman-

582 953 678 990 dum
693 951 739 990 fit
757 980 766 991 .
797 950 970 999 Optime
1000 950 1110 988 enim
1139 952 1247 1000 leges
1279 950 1404 989 etiam
1432 947 1480 985 de
1499 947 1627 985 dubiis
1657 943 1893 999 definiendis

581 1012 711 1043 certas
729 1002 885 1051 regulas
900 1001 1111 1042 edixerunt
1129 1025 1142 1045 ‚
1174 1013 1216 1041 ut
1229 998 1451 1041 arbitrandi
1484 998 1697 1037 licentiam
1734 997 1770 1036 in
1790 995 1894 1041 judi-

579 1056 692 1095 cibus
732 1052 1002 1102 periculosam
1031 1079 1042 1097 ‚
1087 1065 1131 1091 ac
1160 1054 1313 1102 semper
1355 1051 1583 1100 reipublic-x
1627 1050 1786 1089 noxiam
1816 1047 1889 1085 de-

581 1105 813 1146 terminatis
847 1104 988 1143 finibus
1018 1105 1390 1145 circumscriberent
1418 1127 1430 1145 ‚
1460 1104 1496 1142 S<
1526 1111 1763 1141 coercerent
1778 1130 1787 1141 .

531 1160 595 1205 Ad
613 1169 713 1200 rem,
730 1156 779 1194 de
795 1167 870 1206 qua
884 1155 1075 1205 agitur,‘in
1090 1159 1262 1196 codicillis
1275 1158 1440 1196 testator
1458 1155 1730 1203 demonstrative
1748 1154 1892 1201 loquu-

581 1221 645 1249 tus
662 1208 825 1249 videtur
841 1237 851 1248 .
880 1208 1101 1247 Constituit
1118 1211 1249 1257 primo
1266 1207 1533 1257 capellaniam
1550 1205 1781 1256 erigendam
1800 1215 1892 1242 cum

585 1272 709 1299 onere
724 1259 830 1306 mzffae
845 1261 1062 1308 quotidiana
1075 1274 1088 1299 ,-
1120 1261 1212 1302 inde
1230 1260 1406 1299 haeredes
1423 1257 1604 1306 gravavit
1633 1257 1682 1296 ad
1714 1255 1891 1304 capella-

584 1312 643 1350 nis
676 1309 911 1353 tradendam
929 1312 1202 1359 quantitatem
1221 1343 1230 1351 .
1263 1310 1489 1354 Secundum
1507 1308 1719 1350 codicillos
1737 1306 1895 1358 quaestio

587 1362 719 1402 omnis
738 1371 948 1410 perempta
963 1361 1091 1401 videri
1107 1364 1230 1412 posset
1250 1393 1258 1403 .

539 1414 828 1465 Inquirendum
859 1416 1145 1453 tantummodo
1166 1417 1259 1455 effet
1278 1441 1289 1461 ,
1323 1414 1418 1464 quid
1435 1411 1559 1451 faciat
1587 1421 1898 1464 argumentum

589 1467 847 1511 desumptum
860 1477 905 1504 ex
920 1466 1122 1515 testamento
1134 1492 1146 1511 ‚
1164 1469 1202 1507 in
1220 1481 1297 1518 quo
1313 1491 1324 1510 ,
1339 1466 1388 1508 de
1407 1466 1552 1504 eodem
1569 1468 1705 1515 legato
1724 1465 1898 1505 ecclefi‘e

585 1519 794 1558 Landrizmi
809 1516 954 1554 relic‘to
969 1543 981 1563 ‚
1000 1517 1174 1565 primum
1194 1521 1338 1558 habetu
1347 1530 1361 1554 r
1378 1517 1581 1566 quantitas
1596 1544 1608 1562 ‚
1628 1531 1712 1567 quae
1728 1519 1895 1555 taxative

580 1568 750 1606 «videtur
767 1568 1033 1611 stare-‚deinde
1049 1582 1146 1609 onus
1165 1601 1173 1609 .
1206 1568 1436 1608 Videndum
1455 1581 1501 1606 au
1520 1578 1805 1617 argumentum
1823 1571 1896 1606 hoc

587 1622 696 1659 clare
716 1620 974 1658 voluntatem
991 1621 1176 1663 codicilli
1196 1623 1234 1660 in
1251 1620 1452 1661 codicillis
1470 1619 1693 1670 expreffum
1710 1621 1898 1663 destruat,

588 1672 653 1711 vel
685 1671 889 1720 relinquat
908 1671 1069 1710 dubiam
1088 1703 1097 1714 .

538 1722 849 1778 P0¹¹d0r2311dum
877 1735 925 1761 an
942 1724 1116 1772 primum
1136 1725 1584 1775 legatum'translatum
1611 1721 1900 1763 tantummodo

588 1774 690 1814 illud
710 1773 834 1821 ipsum
853 1774 978 1814 fuerit
994 1802 1005 1820 ‚
1037 1779 1101 1816 vel
1130 1778 1263 1826 potius
1295 1778 1423 1826 primo
1441 1776 1594 1816 abolito
1613 1801 1625 1818 ‚
1654 1788 1697 1814 ac
1726 1776 1865 1815 deleto
1885 1799 1899 1818 ‚

589 1837 738 1865 novum
758 1826 938 1874 legatum
953 1829 1118 1869 omuino
1146 1829 1350 1868 diversum
1366 1833 1403 1868 in
1421 1827 1594 1865 codicillis
1608 1826 1761 1867 fastum
1778 1857 1786 1866 .
1819 1826 1901 1864 Ha·-

588 1878 713 1916 benda
729 1886 824 1916 ante
839 1879 979 1917 oculos
1006 1883 1125 1919 verba
1143 1880 1429 1919 codicillorum
1448 1905 1461 1923 ‚
1492 1892 1535 1925 <J
1548 1882 1595 1916 ad
1612 1878 1770 1927 effefflum
1784 1889 1824 1916 ut
1838 1879 1899 1914 di-

593 1931 646 1966 &a
663 1929 763 1977 Μέθη
793 1943 871 1969 cum
885 1932 1008 1978 effeffu
1027 1933 1247 1976 celebretur,
1275 1932 1463 1969 annullavi
1483 1958 1495 1976 ‚
1524 1934 1566 1975 ξς·
1592 1930 1734 1969 annullo
1763 1931 1898 1966 ditium

594 1982 752 2029 legatum
768 1983 841 2024 &a
858 2007 870 2026 ,
888 1986 929 2025 <25¹
941 1985 986 2024 de
1002 1998 1088 2022 novo
1101 1986 1266 2023 ordinavi
1281 2010 1291 2028 ‚
1311 1998 1350 2021 ac
1363 1985 1486 2020 ordino
1501 2007 1513 2025 ‚
1533 1996 1573 2020 ac
1590 1984 1683 2027 volo,
1701 1986 1743 2025 ἐγ
1758 1983 1899 2024 mando,

590 2033 823 2082 praefatosque
836 2036 990 2072 heredes
1008 2049 1096 2073 meos
1112 2049 1270 2083 aggravo
1289 2039 1360 2079 &a
1392 2037 1440 2071 ad
1454 2036 1706 2083 instituendam
1723 2037 1794 2076 &a
1834 2032 1903 2070 eli-

588 2087 700 2132 gendi
715 2085 908 2134 capellanos
923 2088 970 2124 ad
997 2089 1128 2125 diflam
1142 2089 1278 2141 mzſjam
1295 2088 1539 2126 celebrandam
1557 2088 1714 2137 quotidie
1729 2111 1740 2130 ,
1773 2088 1815 2128 ’ΞΥ
1829 2088 1899 2120 in-v

596 2146 805 2187 perpetuum
822 2167 831 2181 ‚

548 2188 887 2233 Considerandum
904 2203 950 2229 an
965 2204 1106 2230 revera
1121 2192 1218 2230 adlit
1237 2218 1248 2236 ‚
1279 2193 1316 2231 &
1336 2190 1459 2231 faciat
1476 2190 1630 2241 aliquid
1656 2186 1817 2230 secundi
1844 2187 1906 2226 le-

590 2240 675 2292 gati
692 2240 978 2285 diffimilitudo
994 2270 1006 2288 ‚
1037 2243 1150 2282 favor
1163 2255 1307 2292 nempe
1324 2244 1519 2293 eligendae
1540 2241 1755 2286 cujuslibet
1772 2241 1904 2280 eccle-

592 2296 652 2335 fiae
672 2317 684 2337 2
703 2294 765 2339 jus
782 2295 960 2343 eligendi
978 2297 1208 2344 capellanos
1229 2296 1433 2345 quoslibet
1448 2326 1457 2334 .
1487 2291 1779 2337 Consideranda
1808 2303 1904 2341 qua—

595 2347 690 2385 litas
707 2347 905 2388 testatoris
922 2375 933 2393 ‚
964 2360 1063 2388 onus
1081 2347 1307 2393 injunctum
1325 2349 1478 2397 agnatis
1495 2351 1658 2397 quidem
1676 2371 1687 2389 ‚
1708 2343 1771 2382 sed
1791 2355 1900 2383 uon-2

595 2397 674 2437 suis
693 2397 1027 2439 descendentibus
1045 2427 1058 2446 ‚
1086 2401 1227 2450 quibus
1261 2409 1397 2440 tamen
1413 2401 1693 2440 haereditatem
1709 2406 1900 2435 omnem„

592 2450 787 2501 reliquit.
818 2452 1049 2492 Videndum
1070 2478 1081 2497 ‚
1102 2452 1195 2502 quid
1217 2452 1254 2489 in
1282 2452 1401 2491 dubio
1432 2449 1747 2500 praesumendum
1778 2447 1823 2485 fit
1854 2447 1902 2485 de

596 2505 680 2547 ejus
700 2513 855 2549 mente,
871 2517 937 2550 an,
955 2517 1028 2553 prae
1044 2505 1101 2542 sui
1118 2504 1366 2550 expiatione,
1378 2504 1570 2546 maluerit
1588 2499 1791 2541 haeredum
1808 2511 1905 2547 prae-

595 2555 682 2592 sens
698 2557 987 2602 compendium
1004 2571 1018 2597 5
1045 2556 1141 2607 quid
1158 2557 1196 2594 in
1216 2556 1412 2602 ejusmodi
1429 2555 1549 2594 dubio
1566 2552 1784 2594 dicendum
1814 2552 1903 2596 jura
1942 2568 1945 2569 ⁷

599 2606 841 2645 constituant
858 2636 867 2651 .

547 2658 588 2700 In
603 2655 843 2697 Mediolanen‚
861 2684 874 2701 ‚
892 2672 1009 2709 quam
1025 2659 1200 2699 naeredes
1214 2661 1395 2709 allegant
1415 2683 1428 2703 ,
1456 2662 1568 2697 oneris
1585 2659 1768 2708 missarum
1781 2679 1794 2697 ‚
1823 2653 1900 2692 db

605 2718 680 2763 qua
697 2708 887 2757 suntsolia
903 2714 977 2751 diei
993 2726 1026 2752 2.
1047 2712 1147 2763 Julii
1168 2726 1210 2760 17
1222 2718 1278 2751 18.
1293 2736 1305 2757 ‚
1327 2724 1360 2755 3·
1379 2713 1597 2760 Septembris
1613 2710 1770 2764 ejusdem
1785 2708 1871 2802 gni
1888 2723 1904 2764 J

1136 2779 1138 2783 .
1800 2776 1807 2785 0
1837 2766 1912 2805 pyz«
