1981 2964
1415 152 1461 180 ιο

170 195 297 230 ditatis
313 195 327 237 ζ
346 190 508 227 ιίεεναῖἕα
523 188 667 239 quidem
680 187 832 227 duorum
846 185 1037 237 firmorum
1049 211 1066 234 ,
1079 186 1124 233 (ἃ
1135 186 1383 240 quadrffle‘nta
1397 152 1490 230 obaz

169 245 283 282 larum
312 243 483 281 Romame
512 251 655 279 monete
670 241 815 290 flemma
831 267 844 286 ,
875 243 941 280 hac
962 251 1027 291 pro
1056 245 1167 285 vice,
1192 241 1264 290 seu
1289 256 1378 280 anno
1406 254 1481 282 tres

164 300 260 333 incer
283 299 511 346 pauperiores
541 295 819 343 distribuenda)
847 294 1013 343 ascendet
1038 297 1078 332 in
1101 295 1214 338 dote,
1234 294 1302 344 seu
1330 297 1488 346 capitale

168 351 219 385 ad
240 362 352 391 1300.
380 349 460 398 plus
487 347 669 395 miransque
684 346 871 395 scutorum
895 347 999 384 diflae
1012 357 1158 385 monetae
1177 347 1385 396 summam,
1415 363 1491 399 qua.-

163 410 227 450 pro
243 404 391 440 nuncin
405 402 570 438 mechivio
582 409 658 436 tuto
675 425 688 444 ‚
714 399 889 448 &securo
905 401 1089 439 recondita
1096 400 1144 449 su
1151 411 1186 439 ’tt
1201 424 1215 444 ‚
1243 404 1286 445 ’ἶς’
1298 402 1490 450 occafione,

156 457 229 504 seu
245 457 504 504 opportuni-tate
521 453 638 491 oblata
659 453 787 489 debita·
803 453 925 499 forma
941 453 1201 502 investienturs
1226 454 1491 504 proindeque-2

167 521 305 546 annuus
320 510 459 546 reditur
473 509 628 555 triginta
642 505 960 553 mvemscutorum
975 502 1135 559 ejusdem
1150 515 1299 545 moneta
1313 508 1362 545 ad
1373 520 1491 558 quan»

168 565 311 598 citatem
328 561 521 607 ol'cendest.

115 613 179 654 De
195 614 432 660 pauperibus
462 623 560 650 vero
592 608 770 648 affirmat
784 634 797 654 ,
829 609 941 661 quod¹
952 618 1149 660 pauperum
1164 612 1254 648 diflv·
1269 613 1408 660 Oppidi
1422 623 1494 649 nu-

168 679 282 701 merus
292 675 427 713 par-vus
443 677 509 701 non
521 663 570 712 est
583 687 596 706 ‚
629 664 690 711 qui
701 671 823 710 petere
839 663 1090 712 eleemosynam
1118 662 1314 711 neceffario
1332 663 1496 712 compulsi

156 719 248 765 sunt
262 746 271 754 .
302 717 379 754 Sed
408 717 459 754 de
476 716 541 754 sua
560 714 763 753 sententia
780 739 793 759 ,
822 715 985 754 servata
1020 723 1183 754 tantum
1198 714 1402 755 testatoris
1421 726 1496 752 vo·-

161 771 323 807 luntatc
354 768 460 807 circa
477 766 754 817 quantitatem
772 767 1042 816 eleemosyna:
1060 792 1076 811 ‚
1106 768 1250 807 omnia
1281 767 1330 807 ad
1350 766 1496 805 suum.»

160 820 425 861 seminarium
453 820 583 860 trahit
615 848 626 859 .
669 819 825 859 Locum
867 819 1195 861 constituendum
1235 819 1375 859 censet
1418 829 1495 870 pro

160 873 327 913 alumno
359 872 470 912 illius
500 873 672 922 oppidi,
705 872 774 924 qui
801 873 828 911 fi
854 883 935 911 non
965 879 1081 912 extet
1097 898 1111 918 ,
1144 872 1254 921 inopi
1275 869 1497 912 seminario

162 934 321 974 partem
339 926 579 965 abundantis
597 925 777 972 pecuniae
795 924 968 964 dandam
982 924 1122 964 censet
1137 950 1151 970 ‚
1168 933 1325 973 partem
1346 934 1494 973 paupe-

161 977 266 1016 ribus
283 978 496 1026 oppidanis
514 1007 523 1016 .
555 977 741 1017 Vidcnda
772 978 859 1022 ejus
873 977 1002 1016 relatio
1017 977 1072 1015 est
1089 999 1107 1021 ,
1131 989 1217 1027 quae
1233 973 1395 1015 fortasse
1422 975 1491 1016 nic

160 1029 281 1069 nimis
298 1031 508 1069 inutiliter
524 1030 819 1069 exscriberetur
840 1059 850 1069 .

109 1078 233 1121 Redit
267 1083 407 1133 itaque
423 1082 540 1122 causa
556 1113 565 1122 .
598 1082 851 1122 Executores
883 1080 1185 1123 testamentarii:
1212 1080 1490 1122 sententiam.»

156 1134 344 1183 Episcopi
378 1134 549 1174 laudant-
562 1159 575 1178 ‚
609 1142 733 1185 atque
748 1161 762 1180 ‚
797 1142 842 1174 ut
873 1147 921 1175 ea
952 1135 1183 1174 retineatur
1210 1159 1223 1179 ,
1260 1134 1488 1183 postulant⁰

154 1188 287 1232 Aiunt
306 1187 408 1226 nihil
424 1187 613 1238 derogari
628 1186 678 1228 de
691 1187 896 1228 testatoris
911 1188 1129 1227 voluntate
1148 1213 1160 1232 ‚
1192 1186 1261 1238 qui
1293 1195 1375 1227 tres
1399 1194 1493 1224 tan·-

156 1247 246 1278 tum
261 1250 453 1287 pauperes
469 1253 631 1291 quoquo
649 1252 753 1279 anno
767 1241 967 1289 respexit:
999 1240 1209 1291 integrum
1227 1238 1266 1277 id
1281 1238 1487 1288 relinqui.

157 1291 281 1340 Qiod
297 1292 468 1331 abundat
484 1302 626 1340 prxter
639 1293 840 1331 testatoris
870 1301 1056 1332 mentem
1070 1319 1083 1337 ‚
1113 1293 1151 1333 ὃς
1180 1290 1487 1341 providentiam

157 1343 258 1383 effe.
280 1344 396 1383 Hanc
429 1343 579 1382 iccirco
608 1344 837 1381 voluntatis
855 1344 1229 1382 commutationem
1246 1355 1388 1381 veram
1406 1354 1486 1380 non

158 1395 235 1434 effe
253 1408 268 1434 5
284 1396 448 1442 dignam
466 1407 564 1432 vero
583 1394 657 1432 effe
675 1393 843 1432 Summo
860 1393 1059 1433 Pontifice
1075 1393 1407 1444 provide-utiam,
1439 1400 1486 1432 ut

161 1458 250 1495 quae
267 1446 412 1484 desunt
426 1445 583 1493 scriptis
602 1469 615 1488 ,
633 1446 816 1494 suppleat
830 1475 839 1484 .

104 1494 227 1536 Nihil
243 1496 390 1537 deinde
407 1523 419 1543 ‚
443 1499 558 1542 ajunt
574 1521 587 1539 ‚
613 1497 949 1540 accomodatius,
964 1496 1071 1535 nihil
1085 1498 1355 1545 opportunius
1375 1496 1488 1535 inve-

157 1548 237 1590 nivi
256 1548 385 1597 posse.
418 1549 588 1587 Causam
614 1548 834 1586 studiorum
863 1547 970 1586 inter
1001 1547 1169 1595 pietatis
1194 1560 1315 1596 opera
1347 1547 1486 1595 praeci-

155 1612 279 1650 puam
291 1626 303 1644 ‚
339 1612 386 1639 ac
404 1600 607 1648 potiorem
622 1599 867 1640 censendam
887 1601 1069 1641 cratian..
1086 1600 1303 1649 discept.62.
1321 1612 1484 1644 num.3.,

158 1653 266 1692 Carti.
297 1654 342 1690 de
357 1654 456 1690 Luca
479 1654 525 1689 de
542 1654 631 1700 Leg.
645 1653 809 1701 disi-36.>
821 1655 965 1693 numo..
981 1656 1023 1696 εἶν
1038 1666 1076 1700 7,
1089 1676 1103 1696 ,
1134 1652 1230 1691 Rota
1258 1655 1299 1690 in
1329 1655 1481 1691 Recent.

154 1705 361 1752 decis-483.
375 1718 538 1745 numao.
567 1714 718 1754 par.19,.
735 1716 865 1745 coma.
896 1705 1073 1753 Prospici
1090 1705 1184 1744 hinc
1201 1731 1214 1751 ,
1245 1706 1282 1745 &
1312 1705 1482 1755 quidem

158 1757 308 1796 melius
323 1783 335 1802 ‚
367 1757 608 1806 pauperi-bus
624 1757 707 1797 loci
722 1787 731 1796 .
750 1758 905 1808 Augeri
923 1757 1068 1797 Patriae
1087 1756 1355 1797 commodum·
1372 1783 1384 1801 ,
1413 1755 1482 1795 de-

157 1809 306 1859 cusque
338 1821 384 1848 ex
399 1810 552 1854 juvene
571 1809 620 1848 ad
636 1811 757 1849 bonas
773 1819 884 1850 artes
903 1811 1012 1849 red'te
1032 1809 1216 1851 instituto
1234 1836 1247 1855 ,
1277 1822 1321 1848 ac
1339 1808 1482 1847 futuro

157 1861 377 1912 aliqnando
390 1887 401 1906 ,
416 1863 454 1902 &
472 1863 651 1912 populo,
671 1863 708 1902 Sc
728 1863 908 1903 ecclefiae
925 1862 1021 1902 utili
1036 1892 1052 1904 λ
1078 1862 1134 1902 Ea
1154 1863 1274 1912 plane
1291 1860 1369 1902 effe
1384 1859 1482 1900 boui

153 1913 303 1962 publici
321 1940 333 1958 ‚
349 1926 434 1963 quae
452 1914 622 1963 privatis
641 1915 869 1955 commodis
883 1913 1150 1955 anteferenda
1163 1945 1179 1957 a

104 1965 224 2016 Qod
251 1975 390 2005 autem
416 1965 580 2006 fortasse
597 1967 741 2018 aliquo
763 1976 951 2018 tempore
966 1979 1146 2018 unquam·
1171 1979 1219 2006 ex
1248 1966 1347 2006 l-oco
1366 1965 1486 2011 defit,

155 2018 223 2068 qui
243 2018 476 2057 instituatur
493 2043 508 2063 ‚
536 2019 737 2059 credibile
763 2032 842 2058 nou
858 2019 936 2059 effe
953 2049 968 2061 α
995 2019 1124 2058 Illum
1150 2027 1290 2058 tamen
1318 2018 1484 2057 casum.»

150 2069 393 2120 Episcopum
411 2070 633 2119 praevidiffe
647 2085 662 2111 ,-
692 2080 737 2112 ut
756 2084 902 2121 nempe
922 2083 968 2111 ex
984 2080 1105 2120 parte
1117 2071 1327 2110 redituum
1340 2067 1481 2119 egenti

114 2153 119 2160 .
150 2123 366 2162 seminario
392 2124 658 2169 consulatur,
685 2136 731 2164 ex
762 2125 844 2164 alia
863 2131 980 2173 parte
998 2123 1241 2171 pauperibus
1261 2121 1354 2160 aliis
1382 2132 1480 2169 prae-

149 2183 213 2213 ter
231 2185 317 2215 tres
333 2175 425 2213 illos
443 2199 458 2218 ,
488 2175 630 2225 quibus
646 2176 768 2216 unice
785 2177 953 2216 testator
969 2174 1130 2216 censuit
1149 2172 1452 2228 providendum
1465 2199 1477 2210 .

150 2226 336 2276 Episcopi
357 2226 587 2271 confilium,
604 2228 642 2266 in
661 2228 860 2274 ejusmodi
878 2229 994 2267 rebus
1013 2226 1181 2265 maximi
1200 2226 1358 2274 semper
1376 2224 1477 2262 aestl-

149 2289 306 2319 matum
339 2278 414 2319 esse
445 2280 637 2325 ponderis
669 2295 749 2321 can⁴
765 2280 993 2328 nobiltffimus.
1025 2279 1173 2329 dist.97.
1194 2303 1209 2324 ,
1245 2277 1343 2316 Rota
1361 2288 1481 2316 coram

155 2329 339 2370 Falconer.
360 2332 469 2380 decis
478 2345 490 2369 1
502 2343 536 2372 3.
556 2345 650 2369 num.
661 2346 675 2369 1
687 2343 724 2375 ς.
742 2333 787 2369 de
800 2332 959 2378 Benefic.

103 2380 303 2423 parochus
319 2387 458 2423 Vicens
474 2395 552 2421 non
571 2383 726 2433 aliquas
757 2382 1123 2427 certaslfamiliaz
1153 2392 1287 2431 neque
1318 2379 1480 2428 aliquot

152 2442 284 2474 certos
302 2437 491 2475 homines
508 2460 521 2478 ‚
550 2435 617 2475 sed
634 2446 833 2484 pauperes
861 2446 1008 2473 omnes
1026 2433 1102 2472 suae
1118 2431 1320 2482 parochiae
1338 2430 1478 2478 respe-

148 2484 209 2522 xit
223 2515 233 2522 .
261 2486 421 2527 Multos
451 2496 623 2526 noverat
643 2486 720 2526 esse
735 2516 744 2524 .
779 2486 983 2524 Omnibus
1002 2511 1014 2530 ‚
1042 2497 1123 2535 quo
1137 2493 1237 2523 tunc
1251 2483 1374 2522 modo
1407 2482 1476 2522 soa

152 2535 255 2584 posse
271 2541 704 2584 credidit-‚consultum
723 2538 860 2576 voluit
878 2566 888 2576 .
920 2536 978 2577 Ut
994 2536 1228 2576 diuturnior
1257 2535 1480 2584 providen-

152 2589 210 2626 tia
230 2589 326 2628 esset
342 2615 355 2634 ‚
385 2605 430 2630 ex
446 2591 636 2631 omnibus
653 2590 916 2640 pauperiores
936 2588 1039 2638 eligi
1056 2587 1167 2634 jussit
1182 2618 1192 2627 .
1224 2586 1372 2627 Tribus
1389 2596 1477 2641 tan-

151 2648 241 2679 tum
264 2641 373 2680 exiis
409 2643 579 2684 dandam
597 2644 903 2691 eleemosynam
936 2640 1176 2686 constituit,
1206 2639 1243 2680 Sc
1277 2640 1326 2680 ad
1344 2639 1479 2679 vitan-

148 2692 240 2731 dam
273 2693 378 2732 inter
407 2707 475 2732 eos
496 2696 691 2738 invidiam
708 2723 721 2744 ‚
754 2694 902 2736 sortito
916 2719 932 2739 ‚
957 2701 1003 2733 ut
1024 2704 1171 2745 nempe
1202 2692 1276 2734 alii
1308 2704 1356 2733 cx
1385 2691 1476 2747 s0¹.0

204 2747 299 2784 Tem.
316 2747 505 2789 XXXIV.
884 2745 926 2787 Ο
982 2760 1004 2786 2
1367 2744 1477 2783 arbi·
