1981 2964
1413 214 1460 247 ¹5

134 263 255 303 quem
275 251 425 292 deinde
443 252 527 300 ipse
555 252 733 301 primum
762 253 993 293 nominavit
1024 254 1204 304 Joannem
1231 255 1458 304 Baptistam

133 304 351 344 Aicardum
375 306 551 344 alterum
568 335 576 344 .
597 304 854 354 ‚Perpetuam
874 307 1008 355 legem
1020 308 1240 356 capellanis
1260 307 1360 346 dixit
1380 334 1392 350 ,
1411 308 1461 347 de

135 367 310 408 quatuor
328 357 447 395 sacris
467 358 645 408 qualibet
664 358 910 396 hebdomada
927 360 1180 399 celebrandis
1197 384 1210 402 ‚
1240 360 1306 398 die
1331 363 1461 398 Domi-

135 416 214 449 m’co
232 434 244 454 ‚
274 410 438 457 acseriae
450 410 726 460 quartae‚sextae
742 435 755 453 ‚
771 412 808 449 Sc
826 413 976 449 sabbati
993 436 1006 454 ‚
1025 413 1092 450 nili
1109 413 1193 452 dies
1215 412 1318 451 alius
1338 412 1459 451 festus

136 464 242 504 intra
256 462 550 502 hebdomadam
571 462 851 501 intercederet
869 493 878 502 .

84 518 207 559 Anno
226 529 340 562 1727.
373 527 521 563 primus
538 515 787 562 capellanus,
816 515 880 552 vix
897 517 1091 554 testatore
1110 516 1304 554 defuncto
1320 540 1332 559 ‚
1349 516 1460 554 obti-

133 569 225 607 nuit
244 580 264 606 a
281 569 397 606 Sacra
413 565 741 614 Congregatione
757 589 772 608 ‚
800 577 842 602 ut
865 581 946 604 onus
966 567 1154 613 mifficrum
1175 569 1291 620 juxta
1315 577 1462 618 propor-

135 625 309 660 tionatam
335 620 518 656 redituum
535 620 776 667 quantitatem
797 619 845 653 ad
862 621 1038 655 rationem]
1054 620 1285 667 eleaemosjmae
1302 634 1410 657 manu
1421 635 1462 656 a·

134 674 179 711 Iis
204 672 351 720 inspefii'o
380 672 530 718 regionis
562 683 655 705 more
682 670 942 708 reducerentur
959 673 1110 707 arbitrio
1127 671 1290 720 Eptscopi
1307 700 1318 710 .
1350 671 1459 710 Hinc

135 722 498 772 Episcopussolid.1
513 735 544 759 ι.
564 732 634 769 pro
651 720 834 769 quolibet
855 722 963 760 sacro
981 723 1120 761 statuit
1137 752 1146 762 .

82 775 162 817 Res
184 776 241 814 ita
257 775 476 822 composita
496 799 508 818 ‚
535 785 579 811 ac
597 772 797 811 transafla
816 775 866 812 est
884 799 897 818 ‚
930 775 1058 813 donec
1080 775 1109 813 is
1127 775 1364 823 capellanus
1393 775 1457 813 vi-

133 829 195 868 xit
212 857 222 867 .
257 827 313 865 Eo
343 826 592 876 postmodum
617 823 809 863 defuneto
830 852 841 870 ‚
875 839 967 865 cum
986 839 1105 866 nemo
1135 827 1319 866 sacerdo<
1337 828 1455 874 oppi-

130 881 260 922 danus
285 888 398 918 extet
419 902 432 922 ‚
462 890 509 917 ac
537 878 671 916 nullus
702 877 936 917 inveniatur
969 892 1012 917 cx
1033 892 1078 918 ea
1109 880 1356 924 vicinitate,
1389 879 1459 930 qui

130 945 205 984 pro
223 940 308 970 tam
331 931 445 970 tenui
461 930 724 977 eleemosyna
756 929 803 969 ad
820 932 1109 970 celebrandum
1133 932 1305 970 accedat
1325 945 1336 970 ,-
1367 943 1461 979 pro-

130 995 274 1036 pterea
292 985 487 1029 parochus
505 1009 516 1028 ,
543 984 580 1021 St
597 982 766 1030 populus
783 984 922 1021 Biberae
938 984 1166 1030 supplicant
1185 1007 1197 1025 ‚
1228 993 1273 1022 ut
1304 984 1460 1032 largior

128 1039 328 1077 statuatur
359 1035 622 1082 eleemosyna
653 1057 666 1077 ‚
707 1046 781 1084 qua
805 1035 997 1074 accerfito
1028 1036 1237 1075 sacerdote
1272 1044 1413 1074 extero
1443 1062 1456 1081 ‚

127 1102 210 1130 non
229 1088 363 1127 minus
377 1088 591 1136 implendae
605 1087 808 1124 testatoris
829 1088 1175 1138 voluntati,quam
1190 1088 1328 1136 populi
1346 1099 1458 1126 com-

129 1142 256 1183 modo
273 1141 536 1190 provideatur
551 1170 560 1178 .
592 1139 721 1188 ‘Julius
734 1163 746 1181 ‚
763 1140 799 1177 ὃ(
818 1142 948 1177 Petrus
965 1139 1111 1179 fratres
1127 1142 1172 1177 lle
1192 1140 1345 1179 Gibellis
1379 1142 1456 1178 hne-

134 1194 252 1234 redes
268 1220 280 1239 ,
302 1194 339 1234 8<
359 1194 519 1242 patroni
537 1192 772 1231 consensum
789 1191 990 1243 denegant
1009 1222 1019 1234 r
1054 1193 1158 1231 Hinc
1177 1193 1226 1232 de
1243 1192 1303 1230 his
1323 1192 1457 1241 preci-

135 1248 208 1287 bus
225 1246 425 1296 agendum
445 1247 497 1285 est
515 1276 525 1288 .

79 1298 260 1349 Populus
274 1325 287 1344 ‚
306 1299 554 1347 &parochus
570 1298 833 1342 necessarium
850 1298 926 1340 esse
952 1301 1067 1345 ajunt
1084 1324 1096 1343 ‚
1125 1307 1169 1338 ut
1198 1297 1460 1343 eleemosyna

133 1351 287 1400 largior
303 1352 348 1390 fit
366 1375 380 1395 ‚
411 1359 532 1401 atque
550 1352 644 1392 ideo
662 1355 863 1392 sacrorum
880 1364 1070 1389 numerus
1090 1352 1299 1389 minuatur
1329 1377 1338 1386 .
1379 1349 1454 1385 [11.-

135 1403 234 1443 loco
261 1402 420 1439 nullum
439 1425 452 1443 ,
485 1409 629 1446 praeter
660 1404 785 1449 ipsum
815 1403 1034 1448 parochum
1054 1425 1065 1444 ‚
1101 1400 1229 1439 adesse
1249 1401 1462 1448 presbyte-

138 1466 228 1493 rum
249 1482 258 1493 .
287 1452 397 1491 Loca
428 1451 555 1499 magis
587 1453 720 1490 vicina
746 1452 853 1488 horae
882 1452 961 1489 iter
993 1454 1137 1489 habere
1166 1466 1178 1490 ,-
1213 1453 1290 1489 iter
1318 1461 1459 1490 autem

136 1506 324 1551 asperum
344 1525 357 1545 ‚
389 1501 619 1539 montosum
636 1526 650 1544 ‚
680 1514 724 1542 ac
747 1511 852 1545 pene
873 1501 1115 1550 impervium
1134 1530 1143 1539 .
1167 1502 1458 1549 Experimento

135 1553 318 1604 plurium
338 1563 534 1594 annorum
551 1564 811 1601 compertum
830 1554 907 1592 esse
927 1554 1088 1591 nullum
1114 1566 1159 1593 ex
1177 1554 1313 1592 vicino
1328 1554 1457 1592 sacer-

132 1607 277 1645 dotem
292 1602 441 1644 veniffe
458 1630 471 1649 ‚
498 1606 656 1644 nullum
675 1603 834 1655 petiisse
852 1607 1122 1653 capellaniam
1139 1635 1149 1645 .

82 1658 207 1712 Quod
222 1656 389 1697 Patroni
402 1655 637 1698 dissentiant
669 1657 770 1698 nihil
790 1655 926 1696 facere
941 1687 952 1696 .
984 1657 1130 1703 lnjuste
1147 1656 1354 1697 dissentire
1372 1681 1384 1701 ‚
1411 1671 1460 1698 eo

137 1714 311 1751 obtentu
331 1733 343 1753 ‚
372 1720 418 1748 ac
437 1711 604 1749 consilio
621 1737 634 1756 ‚
667 1720 711 1750 ut
738 1709 948 1749 neceffitas
978 1710 1072 1750 inde
1098 1710 1165 1748 fiat
1182 1711 1458 1750 transferendi

135 1762 410 1813 capellaniam
427 1764 476 1799 ad
492 1764 661 1813 Campum
674 1766 837 1802 Rulieum
852 1762 1045 1811 oppidum
1059 1788 1071 1807 ‚
1094 1762 1131 1800 in
1148 1775 1227 1813 quo
1243 1763 1426 1801 habitant
1440 1776 1456 1802 ,-

132 1824 279 1857 contra
296 1814 515 1863 expressam
531 1816 734 1854 testatoris
751 1815 1028 1860 voluntatem,
1045 1815 1112 1864 qui
1126 1823 1286 1853 certum
1307 1816 1460 1858 locum,

133 1877 291 1909 certam
310 1868 520 1906 ecclefiam
539 1893 552 1913 ‚
581 1880 626 1908 ac
644 1877 802 1908 certum
821 1870 950 1906 altare
967 1867 1096 1916 elegit
1122 1878 1188 1916 per
1217 1868 1411 1913 beneficio,
1442 1881 1461 1904 e

132 1923 276 1961 comodo
303 1920 397 1957 delle
408 1920 555 1969 persone
582 1921 680 1958 della
692 1921 856 1970 presente
870 1922 1040 1969 parochia
1061 1945 1072 1964 ,
1100 1934 1118 1956 e
1135 1933 1200 1956 non
1219 1917 1424 1957 altrimenti
1440 1948 1451 1957 .

135 1972 413 2012 Voluntatem
436 1972 651 2018 detuiie‘ti,
678 1985 723 2012 ac
754 1973 841 2018 ejus
867 1971 1009 2010 animae
1043 1971 1322 2017 expiationem
1361 1983 1459 2019 pine-

131 2025 296 2071 cipuam
336 2025 559 2063 habendam
590 2039 604 2064 ,-
648 2025 822 2075 ideoque
867 2024 916 2062 de
959 2025 1046 2069 jure
1095 2024 1133 2062 in
1166 2023 1364 2067 ejusmodi
1395 2036 1460 2061 re-

131 2090 223 2117 rum
249 2077 564 2116 circumstantiis
589 2077 824 2117 consensum
853 2088 926 2126 pro
955 2077 1039 2122 jam
1070 2076 1244 2126 praestito
1290 2075 1458 2114 censen-

133 2130 231 2170 dum
261 2127 340 2170 effe
359 2160 368 2169 .

79 2180 300 2233 Episcopus
324 2182 571 2230 petitionem
588 2184 754 2230 adjuvat
772 2195 781 2221 t
811 2183 1008 2231 Verasunc
1023 2182 1174 2230 exposita
1189 2179 1269 2218 EE.
1293 2182 1385 2218 VV.
1419 2184 1457 2218 in

120 2236 280 2286 supplici
295 2235 415 2272 libello
433 2262 446 2280 ,
477 2250 578 2286 quem
605 2250 677 2274 una
693 2251 776 2274 cura
806 2237 1026 2285 dtffpofitione
1058 2236 1233 2283 testatoris
1265 2237 1409 2271 remitto
1446 2266 1455 2274 ,

130 2287 281 2339 Qppe
295 2300 333 2324 re
347 2288 424 2335 ipsa
438 2290 478 2325 in
491 2292 665 2336 parochia
681 2291 820 2328 Biberae
836 2289 972 2337 nonnisi
981 2288 1154 2337 parochus
1172 2286 1342 2334 adfit3qui
1361 2294 1458 2332 opem

122 2340 229 2388 ferat
239 2338 366 2388 populo
369 2339 596 2388 summopere
625 2342 786 2389 alioquin
803 2344 983 2389 indigenti
1001 2365 1014 2385 ‚
1043 2349 1084 2376 ut
1109 2340 1152 2375 ab
1170 2338 1239 2375 alio
1254 2341 1456 2386 presbytero

130 2390 335 2443 adjuvetur
347 2415 360 2435 ‚
380 2401 459 2428 tum
477 2393 516 2428 uh
532 2396 624 2429 aeris
638 2393 904 2430 inclementiam
919 2418 931 2435 ,
946 2402 1021 2429 tum
1037 2392 1201 2438 obgencis
1216 2392 1423 2436 pauperiem
1442 2417 1452 2427 .

132 2443 259 2495 Qre
272 2447 421 2493 dignum
433 2445 734 2493 commiseratione
746 2444 824 2483 EE.
833 2446 876 2479 V
873 2443 1102 2491 V.emstimo²
1101 2442 1133 2490 fi
1148 2453 1271 2477 manus
1286 2437 1452 2492 adjutri-

137 2508 190 2531 ces
203 2498 391 2544 praebeatis
403 2499 452 2534 ad
470 2497 591 2546 miseri
605 2495 713 2548 hujus
723 2496 847 2544 populi
860 2496 1040 2533 levamen.

81 2542 280 2593 Patroni,
298 2549 399 2588 licet
420 2548 592 2596 imperio
610 2549 738 2588 Sacrae
758 2545 1099 2596 Congregationis
1115 2544 1260 2583 moniti
1278 2557 1299 2583 a
1318 2545 1454 2583 mense

136 2598 242 2647 Julio
257 2601 453 2647 praeteriti
472 2602 565 2641 anni
582 2627 595 2646 ‚
629 2601 761 2640 adhuc
775 2600 860 2640 Sac.
879 2600 1250 2648 Congregationem
1277 2610 1347 2647 pro
1377 2599 1454 2636 suis

132 2650 285 2697 juribus
303 2664 378 2691 non
393 2654 613 2694 adiverunt
631 2684 641 2694 .
1205 2664 1223 2674 '⁴

78 2702 205 2744 Sacra
222 2701 496 2754 Congregatio
516 2707 555 2746 in
572 2706 823 2744 Mediolanen.
852 2706 1066 2742 reduffionis
1084 2703 1268 2752 miffarma
1291 2704 1456 2751 9;Apri-

131 2753 177 2794 lis*
209 2762 320 2801 1718.
351 2760 550 2804 proposito
565 2760 688 2801 dubio
701 2772 726 2810 :-
741 2758 966 2809 ansupposito
984 2782 996 2801 ‚
1026 2759 1119 2809 qaod
1134 2756 1251 2797 nullus
1284 2757 1455 2801 inveniaf

140 2828 143 2831 ⁴
173 2808 482 2853 'Tomxxxlffi
941 2810 978 2849 D
1398 2816 1458 2853 su,-
