1981 2964
51 189 105 228 V.
135 193 209 232 An
235 194 279 231 ab
304 195 438 242 eisdem
462 194 746 231 Convifiricibm
773 197 849 246 sint
877 196 1009 239 debita
1038 200 1212 247 decimae,
1249 159 1330 253 fii}

159 246 240 285 aliae
255 247 426 285 annuales
456 248 741 297 ‚contributiones
772 251 932 300 capitulo
951 254 1186 293 cathedralts
1219 260 1333 298 eccle-

152 298 214 347 fiae
242 323 255 344 ‚
295 304 333 337 in
350 299 432 347 casu
461 301 535 342 &c-

271 458 367 499 Non
382 459 584 509 propofita
605 470 700 501 eum
717 458 888 509 reliquis
904 488 919 505 q

152 669 443 710 oNONIEN.
499 668 687 708 Ecclefiae
703 668 942 712 Bononiensi
960 694 973 714 ‚
1004 679 1152 718 praeter
1169 673 1331 722 capitu-

165 726 250 762 lum
268 748 280 766 ‚
307 721 490 772 aliosque
509 746 522 766 ‚
540 722 608 772 qui
627 726 791 771 egremio
813 725 898 769 ejus
917 725 1006 763 sunt
1029 751 1042 770 ,
1074 729 1120 766 ab
1136 727 1334 777 antiquis-

118 778 217 816 fimo
231 785 418 822 tempore
451 774 623 824 triginta
640 784 723 814 tres
738 776 809 814 alii
833 777 1062 817 inserviunt
1079 805 1091 824 ,
1130 792 1301 829 quorum
1319 804 1335 824 ‚

117 836 268 877 praeter
298 825 448 877 viginti
479 852 491 871 ,
538 827 744 866 tredecim
780 829 896 878 super
940 842 1156 870 numerum
1199 832 1292 870 sunt
1318 855 1334 875 ‚

121 880 190 931 qui
223 882 357 919 locum
388 887 607 918 vacantem
641 879 708 918 suo
725 881 816 925 jure
844 891 1050 929 occupant
1079 912 1089 921 .
1122 884 1260 922 Certis
1292 883 1335 921 hi

118 946 262 973 omnes
281 933 422 970 diebus
443 931 872 983 intersunt,certisque
889 933 1008 972 sacris
1025 932 1300 974 funfflonibus
1320 962 1333 973 .

120 986 289 1030 Certos,
306 997 349 1023 ac
367 983 595 1032 peculiares
613 984 768 1023 reditus
782 986 1053 1035 habeamquos
1073 986 1330 1026 distribuunt:

122 1047 256 1078 certas
273 1039 385 1086 leges
400 1062 413 1082 ‚
432 1037 741 1087 praescriptaque
758 1065 768 1075 .
799 1038 1021 1088 Consortium
1038 1042 1247 1079 communi
1262 1052 1336 1079 vo-

124 1091 269 1131 cabulo
297 1090 528 1139 appellatur
546 1120 556 1129 .

72 1144 129 1186 Ut
147 1143 397 1183 admittatur
412 1167 426 1186 ‚
441 1189 444 1193 ,
457 1144 517 1187 jus
536 1141 835 1191 habetsacerdos
865 1146 975 1181 omnis
1004 1147 1096 1182 civis
1113 1146 1338 1195 Bononienfis

128 1198 299 1236 oriundus
315 1200 353 1232 in
371 1197 526 1233 civitate
543 1219 556 1239 ‚
580 1197 652 1244 seu
666 1200 703 1233 in
716 1199 888 1234 comitatu
904 1220 916 1239 9
951 1196 1013 1234 vel
1017 1198 1151 1246 saltem
1169 1202 1260 1237 civis
1290 1210 1336 1235 ex

125 1247 322 1301 privilegio
339 1272 353 1292 ,
383 1250 425 1291 ὠ·
434 1250 773 1299 [zm-attestationem
782 1248 1016 1297 sacerdotum
1047 1251 1344 1300 consortialium»

116 1303 276 1353 scientia
290 1301 532 1346 cantnsfirmi
541 1304 715 1350 praeditus
734 1323 748 1342 ‚
779 1304 841 1347 qui
867 1302 1013 1347 pacifice
1039 1305 1180 1348 pqffidet
1195 1306 1343 1350 mansio-

127 1356 270 1394 nariam
288 1378 301 1397 ,
324 1353 483 1400 sacrista·
513 1365 636 1388 munus
655 1374 667 1392 ,
702 1350 914 1392 beneficium
934 1372 947 1391 ‚
983 1353 1218 1398 capellaniam
1238 1378 1250 1396 ,
1271 1354 1342 1400 seu

126 1406 278 1445 titulum
303 1407 341 1440 in
358 1401 500 1450 ecclesia
520 1403 648 1439 Sancri
678 1401 782 1437 Petri
800 1400 1003 1446 fundatum
1019 1427 1032 1446 ‚
1068 1404 1259 1441 dummodo
1288 1418 1342 1441 re-

130 1460 229 1495 ditus
247 1481 259 1501 ,
289 1460 332 1499 ὠ·
344 1456 430 1491 hona
447 1467 492 1490 ex
509 1456 585 1501 ipsts
604 1455 764 1498 recipiat
779 1479 790 1488 .

78 1513 198 1552 'Anno
220 1521 330 1555 1749-
358 1505 549 1551 Aloyfius
567 1503 774 1549 Passerinus
799 1502 888 1556 jure
905 1501 973 1540 suo
1002 1500 1041 1540 in
1057 1502 1346 1544 vicenarium.»

132 1569 347 1601 numerum
381 1556 563 1594 adlectus
593 1555 672 1593 est.
702 1553 872 1591 Bienmo
888 1555 968 1598 post
997 1558 1147 1596 achori
1172 1558 1346 1597 servitio

130 1610 258 1653 abesse
287 1608 452 1649 coactus
483 1608 536 1647 est
568 1607 618 1645 ob
633 1618 800 1655 grave-m
817 1605 1006 1643 morbum
1020 1633 1032 1652 ‚
1051 1622 1171 1658 quem
1189 1607 1344 1659 phvfici

132 1673 304 1705 externo
316 1660 730 1708 vocabuloscorbutum
747 1666 896 1695 vocant
915 1683 927 1700 ‚
961 1657 1192 1701 Borealibus
1216 1674 1345 1710 popu-

131 1717 187 1757 lis
205 1743 217 1761 ‚
246 1716 284 1755 8<
303 1712 522 1762 praesertim
541 1711 641 1749 mari
659 1709 854 1759 proximis
873 1711 1048 1752 maxime
1076 1715 1342 1755 familiarem,

137 1767 348 1822 qui‚malo
361 1766 478 1810 hujus
498 1764 630 1802 saeculi
647 1762 747 1805 fato,
762 1760 928 1800 Italiam
945 1775 1047 1811 pene
1066 1780 1229 1807 omnem
1257 1777 1344 1815 per-

135 1825 262 1862 vafit.
294 1817 609 1861 Distributioues
638 1814 845 1863 Paffin‘maes
877 1826 947 1866 per
978 1817 1042 1857 sex
1059 1818 1188 1863 ferme
1217 1827 1351 1860 annos.

139 1875 280 1915 habuit
299 1875 459 1925 semper
473 1907 488 1916 .,

89 1928 204 1971 Anno
221 1933 331 1974 r758.
349 1930 446 1968 socii
464 1928 822 1968 admurmurarunt
835 1924 1015 1975 primum
1043 1929 1092 1968 de
1108 1932 1195 1975 ejus
1208 1928 1349 1968 absen-

141 1981 200 2020 tia
227 1981 308 2028 jam
339 1980 387 2020 ad
419 1981 636 2021 sanitatem
656 1978 859 2020 restituti.
892 1977 1068 2018 Demurn
1100 1983 1233 2032 palam
1251 1995 1350 2020 con·-

137 2034 428 2078 tradixerunt‚
456 2045 500 2072 ac
530 2033 830 2072 distributiones
859 2042 1058 2079 negarunt
1076 2063 1086 2072 .
1117 2035 1228 2073 Hinc
1261 2035 1348 2079 ejus

142 2086 318 2137 querelae
337 2086 387 2125 ad
405 2097 490 2125 eam
511 2087 666 2125 curiam
682 2086 881 2133 latae‚quae
899 2095 991 2120 cum
1009 2086 1110 2123 nihil
1132 2087 1231 2124 duos
1250 2087 1354 2123 inte-

139 2150 232 2186 gros
261 2150 387 2177 annos
426 2138 675 2187 profecerint
704 2165 717 2185 ‚
763 2149 850 2174 anno
883 2142 997 2181 1761.
1044 2136 1357 2177 SANCTISSI-

141 2188 282 2229 MUM
301 2191 404 2229 adiit
425 2216 445 2236 ,r
464 2204 487 2230 a
501 2206 579 2243 quo
613 2192 826 2244 negocium
857 2187 905 2226 ad
945 2190 1107 2230 Sacram
1127 2191 1358 2242 Congrega-

148 2243 306 2281 tionem
323 2244 511 2283 delatum
524 2247 600 2285 est.

101 2291 307 2343 Scriptum
320 2297 372 2336 est
391 2296 718 2337 Eminentiffimo
736 2297 1076 2347 Archiepiscopo‚
1092 2305 1138 2335 ut
1157 2295 1210 2336 de
1231 2296 1279 2334 iis
1297 2307 1360 2333 re-

149 2343 277 2387 ferret
293 2373 308 2392 ς
339 2348 377 2388 δι’
401 2350 645 2388 sententiam
678 2351 837 2389 diceret
871 2379 880 2387 .
916 2350 1013 2392 Ejus
1042 2350 1174 2388 literae
1210 2346 1365 2385 nonnisi

146 2397 308 2439 biennio
333 2402 414 2449 post
459 2410 734 2450 pervenerunt
753 2430 763 2439 .
794 2401 973 2438 Interim
1007 2402 1220 2448 confhrtium
1235 2398 1368 2437 a'lium

146 2450 308 2491 admisit
353 2453 394 2491 in
440 2454 578 2493 locum
624 2462 835 2502 tamquam
877 2461 1094 2490 vacantem
1142 2452 1323 2500 Pafferim'
1353 2472 1369 2493 ‚

152 2500 286 2550 quiea
301 2503 350 2544 de
369 2518 414 2545 re⁴
433 2507 592 2546 acriter
607 2506 844 2556 conquestus
863 2528 875 2546 ‚
896 2503 1048 2542 restitui
1067 2504 1207 2552 petiit,
1226 2505 1370 2542 ac-suas

151 2554 371 2603 denegatas
389 2558 689 2598 distributiones
710 2555 980 2605 expostulavit
997 2585 1006 2594 .
1038 2556 1089 2593 Et
1107 2556 1208 2594 licet
1229 2582 1241 2600 ‚
1257 2564 1374 2594 antc-

155 2619 278 2656 quam
293 2608 407 2647 causa
422 2620 719 2659 proponeretur
736 2634 749 2653 ‚
779 2609 993 2656 consortium
1009 2607 1286 2646 declaraverit
1305 2632 1317 2652 ‚
1334 2607 1373 2645 se

152 2659 265 2696 ultro
283 2670 375 2696 eum
401 2663 710 2709 recepturum,fi
727 2659 866 2699 veniat
882 2673 897 2700 3
917 2669 961 2698 ut
980 2659 1029 2700 de
1048 2660 1119 2699 suo
1135 2661 1224 2706 jure
1241 2659 1378 2701 videa-

154 2716 223 2750 tur
240 2709 427 2750 instanter
467 2725 567 2755 nunc
582 2713 783 2766 supplicat
798 2741 808 2751 .

155 2785 158 2788 ⁴
213 2763 310 2802 Tora.
325 2765 523 2805 XXXIV.
866 2763 882 2802 I
915 2778 935 2803 2
1305 2762 1382 2803 Ait

1398 698 1701 746 Seli.24.c.w.12

1375 754 1419 792 de
1433 751 1634 800 Refornwn·³
