2035 2969
126 1021 296 1070 Sess.25.
336 1027 410 1072 cap.
420 1033 434 1060 ι
444 1031 478 1066 3.

125 1076 170 1113 de
187 1073 348 1124 Reform.

515 192 669 271 Defiv.
704 233 784 275 V.,
818 232 856 270 Sc
886 229 965 272 vl.
992 229 1136 268 eadem
1170 241 1295 277 prope
1327 229 1483 270 iterats
1512 228 1708 280 additque
1738 230 1908 271 arbitrio

565 282 879 331 Archiepiscopi
896 282 1041 319 cunc‘ra
1060 281 1331 330 relinquenda
1349 282 1494 320 saltem
1517 291 1597 318 non
1618 280 1706 319 effe.
1725 282 1906 322 Plurima
1933 310 1938 311 κ

566 336 751 375 cumulat
770 358 783 379 ,
799 347 884 384 quae
900 335 969 372 sub
986 334 1117 372 oculis
1137 333 1215 371 EE.
1236 332 1401 371 Patrum
1423 341 1560 378 erunt,
1577 344 1709 384 neque
1728 333 1906 374 neceffa-

568 394 676 429 rium
698 394 768 432 eit,
788 399 920 437 neque
941 386 1007 424 hic
1027 388 1142 425 locus
1157 409 1169 429 ‚
1190 394 1233 424 ut
1252 385 1551 424 exscribantur.

664 542 732 583 Ad
752 542 784 579 1.
818 541 861 580 In
875 541 1021 581 decifis
1039 566 1051 586 ‚
1070 541 1108 580 &
1126 542 1301 591 amplius
1318 572 1328 581 .
1359 541 1423 581 Ad
1442 540 1494 581 11.
1529 539 1573 579 In
1595 542 1735 580 decifis
1753 567 1767 587 ,
1786 542 1837 581 ,δε
1853 539 1903 580 ad

716 603 903 634 mentem
918 619 931 637 ,
950 593 1179 640 &amplius
1198 624 1207 633 .
1239 594 1691 639 Ad111.1ndecis1s‚&
1710 593 1901 641 amplius,

710 646 778 685 Ad
797 645 869 686 IV.
901 646 946 685 In
963 646 1105 685 decisis
1123 671 1136 690 ,
1167 648 1204 686 Sc
1224 649 1357 697 quoad
1374 646 1648 696 obligationes
1664 673 1677 692 ,
1702 649 1740 687 ὃς
1757 645 1901 685 funda-

713 699 847 736 tiones
876 699 1216 747 jurispatronatus
1232 725 1245 743 ,
1278 712 1374 738 cum
1399 699 1589 738 consensu
1610 708 1897 747 patronorum,

718 751 756 790 Sc
774 751 950 796 amplius
972 780 981 790 .
1015 750 1078 790 Ad
1098 752 1151 790 V.
1172 749 1427 798 Utaturjure
1442 753 1510 792 suo
1527 776 1541 797 ,
1557 753 1595 795 &
1611 752 1790 803 amplius
1805 780 1815 790 .
1831 749 1901 790 Ad

719 801 793 841 Vi.
828 802 873 840 lii
890 802 1031 843 decisis
1049 827 1062 847 ‚
1082 804 1119 843 Sc
1137 803 1312 854 amplius
1332 832 1342 843 .

611 1008 830 1052 OMANA
861 1011 1137 1053 FUNERUM
1157 1044 1166 1054 .
1182 1015 1340 1054 Multas
1353 1014 1496 1055 habuit
1512 1014 1807 1055 controverfias
1825 1037 1839 1058 ,
1857 1012 1897 1052 ὃς

626 1066 746 1104 habet
773 1077 875 1105 nunc
909 1067 1157 1114 parochialis
1192 1069 1360 1111 ecclesia
1392 1071 1433 1106 S.
1461 1069 1598 1105 Mariae
1629 1068 1898 1118 Transpontinae

564 1129 658 1158 cum
676 1119 862 1168 parochis
882 1118 1001 1158 Urbis
1026 1119 1076 1158 de
1093 1122 1235 1161 funere
1248 1121 1406 1171 agendo
1435 1120 1621 1160 militum
1638 1120 1899 1170 praefidiario-

563 1185 654 1211 rum
670 1172 773 1210 arcis
794 1171 831 1210 S.
847 1171 1000 1221 Angeli
1018 1198 1030 1217 ,
1049 1185 1133 1223 quae
1154 1173 1258 1213 intra
1275 1176 1385 1213 suam
1403 1172 1637 1221 parochiam
1658 1174 1710 1212 est
1729 1197 1741 1217 ‚
1757 1173 1809 1212 de
1824 1185 1898 1212 eo·

561 1236 652 1264 rum
670 1225 895 1272 sepultura,
912 1237 957 1263 ac
974 1222 1211 1264 funebribus
1229 1226 1523 1266 emolumentis
1540 1255 1550 1264 .
1569 1225 1739 1267 Variam
1757 1233 1898 1264 tamen

563 1277 601 1315 in
620 1276 697 1316 suis
714 1277 999 1316 controversiis
1015 1277 1224 1317 fortunam
1241 1288 1409 1327 experta
1424 1280 1477 1318 est
1495 1306 1507 1317 .

509 1325 630 1368 Anno
651 1334 762 1376 1697.
781 1328 972 1368 defuneto
990 1332 1185 1368 Laurentio
1199 1332 1337 1380 Cressa-io
1355 1356 1368 1375 ,
1384 1334 1469 1377 jam
1499 1342 1522 1368 a
1552 1328 1897 1381 quatuordecim..-

560 1380 676 1419 annis
697 1381 833 1418 milite
849 1404 862 1422 ,
900 1381 970 1427 qui
984 1382 1034 1415 ob
1051 1383 1238 1415 morbum
1256 1384 1295 1416 in
1312 1385 1479 1420 domum
1499 1407 1512 1425 ,
1541 1382 1582 1420 in
1601 1395 1678 1431 qua
1696 1393 1794 1420 uxor
1810 1406 1823 1425 ‚
1856 1380 1895 1419 Sc

560 1432 719 1471 familia
737 1430 944 1469 habitabat
961 1453 974 1472 ‚
1002 1429 1345 1477 commigraverat
1362 1456 1376 1475 ‚
1405 1442 1451 1470 ac
1468 1432 1677 1471 tumulato
1694 1432 1892 1472 cadavere

558 1484 598 1522 in
618 1484 785 1522 ecclesia
801 1484 876 1517 SS.
890 1482 1062 1524 Simonis,
1079 1483 1122 1523 ὅς’
1140 1481 1266 1528 Judae,
1281 1481 1532 1529 disputatum
1549 1483 1656 1521 estin
1676 1483 1764 1522 Sac.
1780 1482 1893 1522 Con-

557 1533 799 1586 gregatione
819 1544 829 1568 ε
846 1545 892 1569 an
909 1534 1068 1570 cadaver
1079 1534 1256 1582 quondam
1271 1535 1466 1571 Laurentii
1482 1533 1605 1581 Cresci
1619 1534 1769 1571 afftcalix
1787 1535 1892 1571 mili-

559 1592 608 1624 tis
623 1589 662 1623 in
674 1600 756 1624 arce
769 1586 809 1623 S.
826 1584 968 1632 Angeli
977 1584 1099 1630 fiterit
1117 1588 1188 1622 rite
1204 1609 1218 1628 ,
1247 1588 1289 1629 ἐς·
1303 1587 1394 1622 νεὲἳε
1407 1586 1625 1623 tumulatum
1642 1587 1683 1621 in
1700 1585 1825 1635 ecclesi
1831 1600 1888 1624 α.)

552 1639 757 1689 parochiali
772 1639 846 1674 SS.
864 1639 1035 1680 Simonis,
1056 1640 1098 1680 ἐν
1115 1636 1227 1685 Judae
1240 1661 1253 1680 ,
1272 1636 1334 1675 vel
1344 1641 1462 1687 potius
1470 1638 1544 1687 sint
1558 1637 1778 1686 restttuenda
1794 1651 1890 1676 emo-

556 1693 715 1730 lumenta
739 1691 881 1737 funeris
899 1690 1048 1738 ecclesiae
1072 1690 1275 1739 parochiali
1302 1692 1342 1728 S.
1358 1693 1494 1728 Marioe
1515 1689 1783 1738 Transjvontinae
1799 1713 1812 1733 ‚
1843 1692 1890 1734 ὠ*

557 1747 648 1795 quid
660 1747 698 1781 in
707 1743 884 1793 similibus
900 1744 1033 1790 cafihus
1049 1742 1343 1790 sttstataendum
1361 1771 1370 1780 .
1389 1741 1714 1792 §.congregatio
1729 1741 1799 1781 die
1821 1754 1885 1789 17.

554 1797 722 1845 Augusti
749 1800 860 1842 1697.
884 1794 1081 1843 rescripsit
1099 1806 1110 1833 :
1126 1798 1300 1844 negative
1314 1797 1431 1845 quoad
1441 1797 1750 1845 primampartem
1763 1819 1778 1840 ,
1793 1793 1892 1844 affir⁴

556 1852 695 1886 marive
713 1849 761 1885 ad
770 1850 910 1897 secund
917 1862 973 1885 am
995 1877 1005 1888 .

503 1899 625 1941 Anno
648 1915 760 1948 1717.
779 1903 966 1951 Stephano
984 1902 1097 1939 Baldi
1127 1901 1440 1941 balistrariorum
1474 1901 1578 1941 duce
1610 1900 1649 1939 in
1665 1900 1732 1938 sua
1759 1898 1885 1936 domo

555 1954 640 1992 vita
660 1952 797 1993 func‘to
814 1980 827 1999 ‚
848 1967 978 2004 eoque
995 1954 1163 1992 condito
1194 1954 1232 1992 in
1252 1955 1419 1994 ecclesia
1434 1957 1476 1994 S.
1497 1956 1631 1992 Μανία
1649 1950 1885 1999 Transponti-

553 2019 607 2044 nae
623 2032 634 2051 ‚
667 2008 754 2046 afta
772 2007 824 2045 est
842 2007 891 2045 lis
906 2018 1047 2045 coram
1067 2006 1392 2046 Eminentiffimo
1414 2007 1579 2046 Vicario
1597 2016 1690 2044 cum
1708 2004 1888 2051 parocho

553 2061 628 2096 SS.
664 2060 754 2108 Celfi
771 2083 783 2102 ,
812 2062 854 2102 &-
888 2059 1037 2108 Juliani
1051 2084 1064 2104 ‚
1096 2058 1135 2096 in
1162 2060 1275 2104 cujus
1306 2059 1494 2108 parochia
1528 2058 1672 2098 domus
1703 2052 1887 2093 defuncti

553 2119 642 2148 erat
659 2140 667 2148 .
697 2111 900 2150 Parocnus
930 2114 970 2149 S.
993 2112 1082 2160 Celfi
1111 2121 1178 2159 per
1193 2112 1442 2152 sententiam
1472 2113 1548 2150 diei
1569 2120 1630 2155 25.
1657 2108 1882 2158 Septembris

555 2161 716 2214 ejusdem
733 2167 817 2200 anni
834 2165 1007 2208 rejeStus
1027 2164 1080 2202 est
1100 2192 1110 2201 .

499 2212 621 2252 Anno
651 2224 790 2254 autem
816 2229 930 2264 1749.
951 2214 1143 2254 defune‘to
1174 2216 1212 2254 in
1232 2216 1374 2255 eadem
1406 2216 1599 2265 parochia
1628 2210 1883 2266 Bartholqmaeo

549 2265 701 2304 Morelli
720 2268 904 2307 militum
922 2267 1161 2311 decurione,
1181 2271 1379 2316 parochus
1398 2280 1535 2308 coram
1552 2268 1597 2307 R.
1615 2265 1654 2305 Ρ.
1671 2261 1881 2321 D·Y¹CC13·

548 2328 720 2366 gerente
750 2332 819 2369 per
834 2320 1082 2359 sententiam
1114 2320 1198 2359 diei
1219 2333 1281 2363 23.
1303 2321 1481 2369 Januarii
1503 2331 1614 2368 1750.
1631 2317 1745 2362 rejlcl
1764 2324 1881 2360 paso-

549 2373 671 2409 chum
688 2374 731 2410 S.
753 2375 886 2411 Mariae
904 2373 1170 2422 Transpontinae
1187 2373 1371 2414 obtinuit
1384 2387 1398 2414 ,ς
1431 2373 1500 2424 qui
1520 2373 1622 2411 licet
1640 2363 1880 2417 appellaffet

552 2422 601 2476 ad
618 2423 764 2463 Rotam
785 2449 797 2468 ,
812 2425 975 2464 causam
995 2425 1263 2475 prosequutus
1280 2438 1358 2464 non
1377 2427 1429 2464 est
1445 2454 1455 2464 .
1566 2437 1571 2442 ·
1876 2474 1878 2476 q

501 2468 646 2510 Trium
687 2477 870 2516 militum
910 2477 1095 2524 proximo
1126 2486 1312 2526 tempore
1354 2478 1490 2517 secuta
1516 2485 1623 2513 mors
1659 2476 1879 2528 veterem-

555 2526 810 2571 quaestionem
839 2530 1042 2569 excitavit
1059 2560 1067 2569 .
1099 2529 1258 2579 Joannes
1275 2529 1434 2578 Baptista
1452 2528 1601 2565 Picenus
1633 2523 1876 2564 vexillarius

553 2578 765 2621 repentina
794 2591 927 2621 morte
959 2606 972 2626 ,
1003 2581 1100 2621 dum
1126 2582 1166 2620 in
1186 2593 1278 2620 arce
1309 2591 1379 2629 pro
1410 2577 1590 2619 excubiis
1625 2584 1714 2616 erat
1729 2598 1744 2617 φ
1782 2585 1872 2614 cor·

555 2634 693 2684 reptus
723 2632 856 2670 mense
886 2635 1096 2672 Novembri
1123 2647 1213 2671 anno
1247 2636 1356 2679 1763.
1395 2633 1435 2670 iu
1471 2630 1638 2670 ecclesia
1663 2631 1702 2667 S.
1733 2625 1870 2664 Marie

554 2688 593 2712 m
609 2680 778 2717 Aracoeli
809 2682 990 2728 sepulcro
1025 2687 1224 2731 majorum
1240 2685 1293 2724 est
1318 2683 1546 2723 tumulatus
1570 2708 1584 2727 ,
1615 2679 1870 2732 quidomum

557 2726 599 2770 in
616 2733 806 2783 parochia
825 2736 1063 2778 &Laurentii
1075 2740 1123 2777 ad
1136 2748 1264 2777 montes
1281 2738 1471 2780 habebat.
1495 2733 1657 2776 Eodem
1676 2727 1872 2824 aunofgg-
