1981 2964
1457 103 1500 137 7¹¹

113 139 488 232 TAURINEN'.
522 146 636 183 [renes
666 146 711 181 de
736 145 929 181 Sermiana
954 156 1044 181 anna
1082 156 1194 190 1709,
1225 140 1394 190 capellae
1431 143 1497 182 sub
1535 145 1701 194 Seſs.23.
1729 148 1870 195 cap.16.

224 194 485 232 invocatione
521 195 851 235 praesentationis
885 196 924 235 Β.
957 194 1015 233 M.
1049 194 1125 240 V.‚
1173 207 1295 246 quam
1323 195 1495 235 habebat
1533 197 1750 241 deReform.

168 246 247 283 ruri
279 247 383 291 apud
411 246 476 284 sua
496 248 594 286 bona
628 249 664 287 in
684 249 889 289 montilum
907 248 992 297 agri
1011 245 1268 287 Taurinensss
1286 272 1299 292 ‚
1319 247 1492 286 dotem-2

166 297 283 337 dedit
301 309 370 345 pro
389 308 586 347 perpetua
602 302 828 348 capellania
849 302 899 340 ibi
917 301 1107 350 erigenda
1121 327 1135 345 ,
1164 300 1346 345 iniuncto
1361 312 1487 341 onere

168 350 393 397 capellanis
424 351 580 393 sacrum
598 354 782 404 quolibet
801 353 897 394 festo
912 352 1172 396 celebrandi,
1202 363 1245 391 ut
1272 365 1343 401 pro
1360 354 1489 398 majo—

170 402 208 440 ri
232 401 373 441 divino
401 404 515 443 cultu
547 406 845 454 prospiceretur
872 406 1138 457 agricolarum
1165 404 1482 445 commoditati.

170 453 238 501 Jus
256 455 489 510 nominandi
519 457 632 497 dedit
663 460 911 507 presbyteris
929 458 1272 507 Congregationis
1292 457 1482 497 Oratorii

170 505 426 550 Tauriuenfis
441 537 450 546 .
481 510 617 549 Multa
635 510 794 549 addidit
808 537 820 555 ,
854 523 938 560 quae
956 511 1003 549 ad
1021 510 1181 550 causam
1199 524 1276 550 non
1293 508 1452 550 faciunt
1466 533 1480 554 2

171 560 237 597 vel
258 559 326 597 suo
343 560 434 598 loco
449 562 716 609 opportunius
730 561 902 604 dicenda
919 562 1009 600 sunt
1032 590 1044 600 .

121 607 172 647 In.
207 610 374 659 prxsens
414 614 651 660 capellaniae
693 613 875 662 posseffor
914 615 1120 651 Ludovicus
1148 614 1334 652 Vallettus
1374 615 1483 662 petit

168 663 482 717 translationem
501 665 704 705 sacrorum
727 666 776 704 ad
793 666 1002 706 ecclesiam
1019 665 1295 716 parochialem
1320 668 1360 704 di
1372 669 1482 717 Saffi-

172 713 235 753 De
252 716 312 751 his
332 715 516 768 precibus
532 717 666 765 agitur
683 746 694 756 .

119 766 196 807 Ait
220 762 376 820 celsasle
405 781 498 807 eam
527 770 730 809 rationem
748 797 761 815 ‚
786 772 836 809 ob
861 783 982 821 qnam
1011 774 1129 811 Irene:
1147 796 1160 816 ,
1187 771 1489 819 capellaniam-a

169 819 450 859 constituendo
468 847 480 867 ‚
509 822 613 861 sacra
632 822 731 864 inea
750 823 909 869 capella
927 824 1153 873 peragenda
1169 822 1280 869 Juffit
1295 849 1309 868 ,
1341 834 1487 872 nempe

169 870 403 911 accolarum
421 875 764 913 commorantium
794 876 832 914 in
848 876 1198 914 circumstantibus
1228 875 1360 915 vineis
1376 887 1492 914 com·

171 922 362 963 modum.
395 926 516 964 Viam
536 926 650 966 fuisse
680 927 727 966 ad
754 927 985 975 parochiam
1019 937 1114 965 tunc
1146 927 1355 975 asperam,
1385 925 1494 964 diffi-

168 976 297 1065 cilem
316 999 329 1019 ‚
375 989 480 1018 nunc
508 980 672 1021 stratam
701 977 776 1019 effe
807 979 934 1029 Regia
959 978 1270 1025 munificentia,
1299 979 1494 1029 planam,

189 1028 360 1071 acilem.

120 1080 353 1122 Deficiente
372 1083 509 1133 itaque
524 1083 639 1124 ‚causa
655 1110 665 1128 ,
697 1096 816 1134 quam
835 1085 956 1123 Irenes
984 1084 1159 1132 respexit
1173 1109 1186 1127 ‚
1214 1083 1371 1122 nullam
1396 1094 1494 1120 curn

171 1134 442 1176 translatione
457 1135 540 1175 vim
556 1135 642 1175 fieri
661 1137 749 1180 ejus
768 1137 915 1180 menti,
933 1138 969 1177 Sc
986 1136 1190 1184 proposito
1205 1161 1217 1181 ,
1245 1148 1319 1176 nec
1334 1135 1498 1184 proprie

169 1186 266 1227 hanc
297 1187 527 1228 voluntatis
560 1188 934 1228 commutationem
950 1187 1034 1227 dici
1048 1196 1262 1236 propterea
1278 1183 1381 1237 poffe
1398 1215 1408 1226 .

119 1235 266 1277 Rursus
280 1240 417 1289 augeri
436 1238 711 1290 frequentiam
730 1241 908 1282 ecclefiae
923 1239 1183 1289 parochialis,
1199 1240 1238 1279 in
1256 1253 1331 1289 qua
1346 1238 1502 1277 nonnisi

168 1301 296 1328 unum
324 1293 476 1331 sacrum
507 1305 578 1338 pro
594 1292 782 1332 universo
809 1293 960 1339 populo
974 1293 1047 1331 est.
1078 1291 1232 1331 Melius
1263 1292 1321 1331 ita
1347 1290 1501 1338 prospi-

169 1342 209 1380 ci
230 1342 418 1389 religioni
435 1344 704 1391 agricolarum
723 1354 768 1379 ex
787 1342 950 1378 viciniis
966 1343 1133 1389 capellae
1150 1364 1172 1397 ‚-
1185 1342 1254 1391 qui
1268 1355 1317 1381 eo
1328 1343 1506 1380 obtentu

168 1392 242 1430 suae
259 1392 456 1440 parochia
478 1394 687 1435 ecclesiam
703 1404 781 1433 non
798 1392 940 1431 colunt
957 1415 969 1438 ,
1003 1404 1079 1432 nec
1094 1390 1243 1432 famem
1258 1392 1420 1444 pastoris
1438 1392 1503 1434 vi-

165 1443 266 1482 dent
285 1470 297 1487 ,
318 1456 390 1483 nec
407 1456 547 1484 vocem
562 1444 735 1484 audiunt
751 1471 763 1483 .

123 1494 321 1535 Affentiri
335 1497 541 1534 Fabritium
554 1520 567 1538 ‚
595 1495 633 1532 Sc
647 1497 883 1533 Laurentium
898 1495 942 1531 de
955 1495 1146 1539 Rayneriis
1167 1520 1180 1538 ,
1201 1494 1239 1533 in
1258 1506 1357 1545 quos
1374 1496 1504 1544 juspa-

170 1554 357 1587 tronatus
387 1546 577 1594 legitime
595 1545 799 1593 reperitur
816 1547 1062 1586 translatum
1082 1575 1092 1586 .
1126 1545 1503 1585 Eminentiffimum

166 1598 539 1646 Archiepiscopum
560 1598 740 1641 laudare,
757 1598 795 1636 Sc
810 1598 978 1645 probare
997 1598 1134 1641 omnia
1152 1626 1163 1637 .
1180 1597 1276 1636 Non
1293 1598 1502 1637 insuetum

165 1647 263 1694 effe,
284 1658 327 1688 ut
346 1653 400 1688 ha:
419 1650 711 1691 translationes
727 1650 1006 1692 concedantur
1024 1681 1033 1692 .
1054 1650 1116 1691 De
1137 1649 1280 1690 iisdem
1297 1650 1498 1690 abundare

167 1702 357 1749 exempla
380 1733 389 1744 .
1266 1724 1285 1740 ω
1344 1726 1345 1729 =

116 1755 178 1795 De
193 1754 583 1795 commutationibus
598 1755 861 1795 voluntatum
880 1755 1084 1802 saepiffime
1114 1756 1249 1794 astum
1263 1757 1319 1793 cst
1346 1754 1386 1793 in
1403 1754 1492 1799 Sac.

166 1807 498 1856 congregatione
557 1808 680 1857 Qiod
707 1809 804 1853 justa
827 1808 865 1848 Sc
883 1807 1098 1849 necessaria
1112 1807 1305 1847 canonica
1319 1807 1488 1847 ‚causa-2

166 1858 421 1900 intercedere
438 1860 833 1900 debeat-Concilium
850 1860 960 1902 clare
979 1861 1249 1910 dixitsefs.22.
1268 1863 1386 1910 cap.6.
1460 1898 1465 1899 ⁷

117 1908 238 1960 Qod
251 1911 299 1951 ad
317 1912 533 1960 praesentes
551 1924 690 1961 preces
702 1912 858 1954 attinet
873 1937 895 1957 ‚.
920 1913 1223 1961 ponderandum
1243 1937 1255 1956 ‚
1289 1924 1376 1963 qua:
1391 1922 1491 1950 vere

162 1962 290 2003 fuerit
306 1976 419 2004 mens
438 1991 450 2009 ,
473 1965 510 2004 Sc
527 1966 736 2004 consilium
754 1965 868 2004 Irenis
882 1966 927 2004 de
941 1967 1151 2005 Scimiana.
1183 1961 1489 2013 Placetnipfiffi-

163 2028 231 2055 ma
261 2018 382 2056 verba
399 2017 621 2058 exscribere
649 2030 660 2055 ι
688 2020 826 2056 avendo
839 2019 1037 2068 destderato
1062 2032 1083 2056 a
1113 2020 1274 2065 maggior
1290 2016 1411 2063 gloria
1446 2016 1489 2050 di

165 2069 242 2107 Dio
258 2070 297 2106 di
311 2071 380 2107 dar
394 2072 604 2109 commodita
622 2070 687 2107 alli
703 2071 859 2109 abicam}
874 2072 913 2107 di
924 2073 957 2108 S
955 2073 1014 2117 affl*
1023 2095 1036 2114 ‚
1062 2084 1080 2109 e
1091 2072 1252 2117 Superga
1262 2068 1360 2117 poste,
1387 2076 1445 2104 tra
1459 2066 1488 2103 li

168 2124 280 2158 monti
296 2122 393 2158 della
400 2123 570 2170 predetta
587 2125 687 2162 Citra
703 2124 742 2160 dx·
749 2123 890 2170 sentire
903 2123 938 2160 la
946 2122 1058 2171 santa
1072 2120 1178 2167 meffa
1192 2124 1231 2157 in
1245 2122 1335 2157 tutti
1347 2119 1377 2155 li
1387 2121 1488 2166 gior-
1533 2128 1535 2130 ’

163 2177 203 2211 m‘
212 2173 340 2221 festivi
355 2174 536 2212 dell’anuo
562 2175 659 2214 nella
688 2175 822 2223 capella
844 2178 941 2222 sotto
971 2175 1002 2212 il
1013 2173 1116 2212 titolo
1142 2172 1239 2211 della
1255 2171 1480 2209 Madonna,

154 2226 349 2275 santiffima
378 2226 474 2264 della
502 2228 787 2276 Presentazjone
807 2230 950 2278 propria
977 2225 1076 2264 della
1096 2226 1264 2275 predetta
1291 2225 1324 2262 S
1326 2226 1452 2272 ignora
1465 2245 1481 2266 ‚

158 2279 231 2328 fita
248 2277 318 2326 effa
334 2277 480 2329 Capella
492 2282 532 2317 in
546 2293 616 2318 una
634 2285 745 2327 vigna
759 2302 772 2323 ‚
803 2282 866 2318 che
894 2279 930 2317 la
960 2279 1146 2327 medefima
1157 2277 1300 2328 poffie‘de
1328 2279 1366 2314 in
1380 2277 1484 2312 detta

167 2330 265 2368 valle
278 2331 318 2370 di
332 2334 430 2379 Saffi
440 2345 501 2370 con
514 2334 642 2369 render
657 2335 714 2369 ἑνὶ
741 2345 761 2368 a
779 2332 852 2379 sua
870 2333 1000 2370 divina
1013 2331 1152 2380 Maesta
1175 2331 1310 2378 grazia
1331 2326 1478 2364 'almeno

165 2381 207 2418 di
223 2396 292 2420 una
304 2393 409 2432 parte
422 2385 483 2423 del
495 2383 600 2421 molto
614 2383 672 2421 de’
686 2385 767 2421 beni
781 2406 794 2426 ‚
825 2383 888 2420 che
905 2383 939 2430 fi
949 2387 968 2420 ὲ
988 2383 1224 2430 compiaciuta
1252 2376 1476 2425 eoncedergli

168 2433 209 2469 in
225 2436 335 2484 questo
348 2439 472 2477 mondo
487 2460 500 2480 ‚
531 2438 679 2475 volendo
694 2449 754 2472 ora
769 2434 950 2482 adempire
977 2448 998 2470 a
1022 2433 1076 2471 tal
1079 2434 1146 2480 suo
1157 2432 1402 2483 piodcstderio
1416 2430 1477 2469 ‘hd

165 2486 310 2532 pensato
333 2490 372 2526 di
385 2491 590 2540 constituire
615 2488 688 2526 alla
703 2488 853 2535 fudetta
866 2485 1022 2535 cappella
1054 2498 1124 2523 una
1151 2487 1234 2522 dote
1261 2492 1475 2533 competente

168 2535 231 2573 del
248 2539 572 2591 redito-infrafiritt
597 2541 740 2590 affinche
761 2538 858 2591 poſj'a
873 2542 980 2579 venir
993 2539 1158 2577 erettain
1174 2537 1341 2584 beneficio
1357 2532 1486 2575 eccle-.

166 2589 307 2638 fiastico
322 2592 374 2629 eol
382 2594 487 2632 ‘titolo
504 2598 543 2632 di
561 2594 730 2632 Priorato
745 2621 754 2632 .

123 2639 294 2683 Inferius
313 2656 410 2685 vero
425 2659 435 2687 τ
450 2649 481 2685 il
495 2649 558 2687 che
572 2657 667 2687 tatto
681 2646 782 2685 detta
798 2646 957 2695 signata
972 2643 1167 2694 Marchesa
1179 2642 1329 2695 hafatto
1343 2667 1358 2690 ,
1368 2641 1371 2644 ’
1383 2655 1405 2682 e
1424 2640 1473 2691 sd
1489 2655 1491 2659 ·

1407 2700 1474 2742 pfl·
