1986 2996
627 117 686 142 ιι.
706 100 820 154 &aaa
839 105 950 152 1766.
1390 116 1464 152 ,¹²9

151 165 218 191 uno
232 152 270 189 di
286 153 386 190 detta
391 153 568 203 famiglia
582 156 811 200 Accorrem',
822 158 854 206 fi
863 157 1027 207 potrebbe
1047 159 1085 194 in
1110 156 1181 205 effa
1196 156 1282 194 dare
1300 155 1335 191 la
1346 156 1462 204 prese&

154 217 266 248 renza
281 207 330 242 ad
347 206 437 242 altro
454 207 512 244 de'
528 209 567 244 di
580 208 633 246 lui
641 208 788 256 fratelli
806 213 979 258 maggiori
989 209 1120 257 fornici
1147 209 1241 258 delle
1256 205 1396 258 qualit&
1409 211 1462 245 ria·

152 266 292 294 cercote
306 259 369 294 dai
377 256 436 309 ij
437 259 629 305 fondatori
644 290 653 299 .

96 308 437 362 perpendendum
464 311 596 359 primo
613 325 658 351 an
674 313 920 362 capellanijus
934 313 1168 361 legitimum
1181 311 1468 362 contradicens

151 360 192 399 di
224 363 399 400 habeant
417 392 426 401 .
459 363 583 402 Certe
614 373 698 403 tam
715 365 938 408 Alexander
952 368 1140 403 Antonius
1167 392 1180 410 ,
1207 377 1326 415 quam
1344 365 1464 414 Joam

149 426 195 452 na
220 414 378 464 Baptista
407 415 516 453 soror
545 420 845 465 congregationem
867 441 880 459 ‚
909 416 975 455 seu
992 417 1233 456 societatem
1264 417 1465 464 capellam„

151 479 230 502 rum
245 466 538 506 constituerunt
567 469 633 506 sub
666 480 743 507 uno
774 468 910 516 capite
929 492 941 509 ‚
971 469 1039 517 qui
1072 470 1109 507 in
1126 470 1338 509 ecclesiam
1351 468 1461 507 statis

151 517 261 556 horis
278 542 290 560 ‚
322 519 497 558 &certis
527 520 681 559 sedibus
713 520 983 559 convenirent
1000 546 1011 564 ‚
1043 530 1085 559 ut
1124 522 1163 559 in
1186 523 1308 559 choro
1327 520 1464 570 quoti-

152 567 219 608 die
237 570 457 618 psallerent
473 596 485 615 ‚
516 573 553 610 ὃ(
568 573 675 610 sacra
693 580 862 621 agerent
876 585 890 611 ,-
921 584 1005 621 quae
1024 573 1196 612 societas
1210 598 1222 618 ,
1241 573 1307 610 nifi
1325 572 1466 621 legiti-.

152 631 216 659 ma
233 622 479 661 auctoritate
496 623 680 672 Episcopi
701 623 987 663 intercedente
1009 649 1020 668 ,
1052 626 1215 674 ejusque
1249 623 1432 672 permissu
1449 647 1463 668 ,

153 673 191 712 3<
208 675 511 723 approbatione,
529 676 651 725 usque
668 676 713 713 ab
732 675 853 714 initio
871 675 961 724 cogi
979 688 1057 714 non
1074 677 1210 725 potuit
1238 688 1247 714 z
1278 688 1355 714 non
1374 685 1465 715 ete-

151 724 236 762 nim
265 726 426 774 privato
459 726 656 764 arbitratu
689 727 754 765 vel
776 727 948 766 societas
968 751 981 770 ‚
1008 729 1075 767 vel
1109 728 1329 777 collegium
1348 752 1361 771 ‚
1392 728 1460 766 vel

151 776 432 827 quodcumque
465 778 550 817 tale
579 790 725 826 corpus
753 778 864 818 coire
896 781 1022 829 potest
1040 780 1162 829 leg.3.
1180 783 1224 818 de
1240 779 1363 828 colleg.
1381 805 1394 825 ‚
1422 782 1466 823 &¹

154 838 282 877 corpor.
300 830 423 876 illicit,

101 879 274 928 Qando
292 889 431 919 autem
443 881 483 919 hi
500 882 699 929 capellani
718 882 948 930 legitimam
969 882 1309 927 societatem‚five
1327 883 1470 932 legitie

151 942 264 969 mum
279 943 420 980 corpus
435 933 677 971 constituant
690 958 702 977 ,
722 933 768 970 iis
785 945 861 970 non
882 942 999 971 vetat
1014 935 1093 977 lex,
1111 943 1156 971 ut
1171 934 1220 971 ad
1236 936 1468 982 exemplum

152 982 384 1029 reipublicae
400 983 606 1021 communi
636 984 800 1022 nomine
828 993 947 1032 agant
966 1014 975 1023 .
1007 985 1151 1033 Qhus
1181 987 1469 1034 autempermiss

142 1035 225 1082 sum
238 1034 286 1084 est
299 1044 418 1084 corpus
444 1036 572 1080 habere
601 1036 769 1084 collegii,
790 1036 975 1084 societatis
994 1059 1006 1079 ‚
1028 1038 1109 1085 sive
1139 1034 1392 1087 cujuscumque
1416 1038 1470 1074 ale

150 1090 260 1123 terius
291 1090 427 1124 nomine
453 1112 466 1132 ,
506 1100 624 1124 eorum
660 1090 842 1136 proprium
883 1089 930 1137 est
955 1091 1004 1127 ad
1034 1089 1234 1137 exemplum
1264 1090 1468 1138 reipublicae

152 1139 281 1182 hahere
308 1152 361 1176 res
386 1152 603 1184 communes,
633 1153 753 1185 arcam
776 1153 990 1180 communem
1006 1165 1016 1183 ,
1062 1143 1104 1182 (ἔγ
1131 1143 1279 1177 αἴίονεπα
1307 1166 1320 1186 ,
1347 1142 1465 1190 βψς.)

143 1189 335 1240 syndicum
350 1214 363 1233 ,
388 1200 454 1239 per
480 1204 581 1240 quem
603 1200 774 1240 tanquam
795 1195 834 1228 in
850 1192 1045 1239 'republica
1061 1216 1074 1235 ,
1108 1194 1201 1240 quod
1239 1196 1468 1231 communiter

153 1242 553 1291 agj‚fierquioporteat‚
567 1252 665 1291 agat,
667 1243 759 1289 fiat,
778 1244 828 1292 est
846 1251 981 1292 textus
1006 1247 1043 1280 in
1062 1242 1086 1280 l.
1098 1256 1128 1281 1.
1145 1245 1249 1293 quod.
1269 1249 1343 1292 cui.
1362 1246 1467 1292 univ..

155 1308 286 1332 nomm·

104 1345 463 1397 Qemadmodum
481 1346 616 1396 itaque
631 1358 751 1396 agere
766 1345 920 1395 poffent
939 1370 950 1391 ‚
980 1358 1029 1384 ne
1060 1346 1132 1385 suae
1152 1347 1265 1396 leges
1281 1359 1465 1386 corr-um-

156 1406 299 1447 pantur
316 1423 328 1442 ,
358 1410 401 1436 ac
424 1399 635 1446 prohibere
653 1411 703 1438 ne
718 1399 803 1449 quis
829 1407 970 1437 contra
999 1399 1241 1446 praestitutas
1259 1400 1371 1448 leges
1391 1400 1464 1438 in..

157 1450 400 1487 societatem
418 1450 573 1493 veniat,
589 1450 646 1497 ita
661 1448 823 1491 fortasse
840 1449 991 1498 poffent
1011 1449 1194 1499 precibus
1210 1452 1469 1495 obsistere-,ne

155 1500 397 1540 beneficium
420 1501 616 1549 Principis
633 1503 907 1547 concedatur,
935 1514 1012 1551 quo
1045 1501 1094 1541 de
1121 1501 1336 1541 societatis
1369 1504 1474 1552 legi-,

157 1554 224 1591 bus
253 1553 471 1602 derogetur
494 1583 503 1600 ,
532 1553 758 1594 Praesertim
784 1556 809 1592 s1
838 1566 918 1591 non
954 1565 999 1592 ex
1032 1554 1316 1598 aemulatione,
1344 1556 1383 1594 S<
1411 1556 1472 1594 in-.

162 1605 271 1643 vidia
310 1603 462 1643 faciant
485 1629 497 1647 ‚
541 1605 606 1644 sed
636 1606 693 1644 sui
726 1606 876 1646 ordinis
917 1605 1099 1644 servandi
1131 1605 1263 1654 gratia
1288 1636 1297 1645 .
1336 1606 1471 1646 Maxi?

152 1670 216 1695 me
259 1655 353 1694 dum
384 1656 543 1703 praecise
580 1659 706 1696 obstat
743 1658 950 1696 contraria
995 1656 1224 1695 fundatoris
1262 1658 1467 1704 voluntas,

157 1720 273 1759 quam
306 1708 413 1745 tueri
443 1707 599 1756 possunt
631 1735 643 1755 ‚
673 1718 719 1748 ut
749 1709 1115 1758 servetnrintegra
1142 1733 1155 1752 ,
1185 1722 1322 1760 neque
1352 1710 1467 1748 ulla-2

157 1772 201 1799 cx
235 1769 347 1808 parte
390 1759 660 1799 imminuatur
693 1787 705 1805 ‚
750 1763 830 1801 five
883 1769 1160 1800 commutetur
1187 1774 1202 1800 ‚·
1235 1773 1326 1800 eam
1372 1774 1473 1812 quo-2

155 1824 231 1862 que
257 1812 306 1849 ob
333 1811 534 1851 rationem
550 1837 563 1860 2
582 1813 675 1863 quia
688 1814 737 1852 acl
754 1815 815 1857 ius
835 1813 1070 1859 nominandi
1097 1812 1317 1862 aliquando
1331 1814 1467 1852 substi-¹

155 1863 235 1902 tuti
255 1864 342 1901 sunt
362 1892 372 1902 .

104 1916 199 1964 Quae
211 1915 349 1953 omnia
365 1916 522 1954 veriora
536 1914 697 1955 fortasse
717 1915 807 1963 ,dici
834 1915 989 1964 possent
1016 1940 1028 1960 ,
1054 1915 1152 1954 dum
1174 1917 1310 1966 agitur
1341 1918 1391 1956 de
1410 1916 1467 1955 ina

152 1968 290 2006 stituta
307 1967 442 2016 aliqua
460 1968 655 2011 societate
691 1969 1049 2007 ecclefiasticorum
1082 1968 1130 2007 ad
1149 1968 1355 2017 defignata
1369 1969 1467 2006 reli-„

150 2018 280 2069 gionis
308 2017 507 2066 fungenda
536 2030 704 2057 munera
722 2048 731 2057 .
763 2019 806 2057 In
835 2020 1151 2067 dispensationibus
1181 2021 1290 2057 enim
1322 2030 1466 2057 conce-

153 2069 292 2113 dendis
306 2069 459 2117 semper
487 2071 697 2107 consensus
711 2069 878 2117 collegii
893 2069 1112 2117 requiritur
1141 2071 1461 2118 c-an.praese71tium

155 2122 257 2170 causa
280 2134 311 2158 1.
343 2121 458 2170 quaest.
476 2132 508 2163 5.
541 2120 607 2159 ubi
637 2121 754 2169 gloss.
773 2121 896 2158 verbo
920 2121 1107 2167 fratrum,
1136 2133 1216 2157 nam
1241 2122 1388 2157 inomni
1403 2123 1464 2157 di-⁴

153 2174 354 2224 pensatione
383 2172 561 2219 consensus
591 2171 743 2220 capituli
771 2173 1004 2220 requirendus
1022 2172 1068 2219 est
1094 2199 1103 2208 .
1136 2170 1257 2219 Qod
1285 2172 1341 2210 ita
1356 2171 1466 2218 obti-

157 2227 246 2264 nuit
277 2250 288 2270 ‚
319 2231 363 2262 ut
394 2234 597 2272 nunquam
629 2223 753 2261 etiam
770 2222 1004 2260 vacationes
1033 2223 1083 2259 ob
1098 2223 1462 2271 quadragenarium

159 2277 398 2315 continuum
415 2300 428 2320 ‚
459 2273 714 2315 &laudabile
730 2273 942 2312 servitium
957 2274 1105 2312 dentur
1123 2299 1136 2318 ‚
1163 2274 1230 2312 nisi
1248 2275 1461 2322 consensus,

159 2328 230 2366 ille
247 2326 472 2371 intercedat
491 2339 505 2365 2·
537 2326 603 2365 vel
618 2326 643 2364 fi
663 2333 836 2375 negetur
850 2349 863 2369 ,
892 2326 942 2365 de
959 2325 1125 2374 repulsa:
1143 2325 1338 2372 injustitia
1354 2325 1461 2376 prius

160 2391 237 2417 non
251 2380 514 2427 cognoscatur
530 2407 540 2424 ‚

109 2429 338 2478 Videndum
354 2429 526 2469 secundo
556 2428 876 2478 numlegitimas
909 2428 1223 2468 contradicendi
1247 2431 1383 2469 causas
1399 2432 1466 2469 ha-.

161 2483 278 2521 beant
296 2482 482 2529 capellani,
501 2481 691 2531 cujusque
710 2480 896 2527 ponderis
913 2480 1147 2519 aestimandae
1162 2481 1233 2519 fint
1250 2509 1259 2529 ·,

107 2531 417 2581 Advertendum
444 2541 582 2572 tamen
612 2533 650 2571 in
676 2531 782 2570 facto
798 2557 811 2576 ,
830 2531 869 2570 in
889 2540 982 2570 toto
1001 2532 1150 2581 'Joannae
1167 2533 1331 2582 Baptiste
1345 2534 1464 2573 testa-.

159 2593 300 2624 mento
323 2582 473 2626 auferri
500 2584 634 2623 statim
662 2585 722 2628 jus
742 2583 977 2621 nominandi
1007 2584 1185 2632 patronis
1202 2610 1215 2629 ,
1244 2586 1270 2623 fi
1295 2595 1464 2632 capaces

161 2648 240 2676 non
253 2635 577 2685 nominaverint,
599 2635 769 2685 aliisque
785 2635 898 2674 dari2·
927 2636 965 2674 ὃ(
995 2634 1146 2683 auferri
1176 2636 1458 2687 quodcumque

213 2689 312 2735 Tam.
329 2688 498 2735 XXXV}
882 2684 916 2733 R
1195 2692 1198 2697 '
1387 2689 1400 2736 j
1419 2699 1464 2729 us
