<?xml version="1.0" encoding="UTF-8"?>
<!DOCTYPE html PUBLIC "-//W3C//DTD XHTML 1.0 Transitional//EN"
    "http://www.w3.org/TR/xhtml1/DTD/xhtml1-transitional.dtd">
<html xmlns="http://www.w3.org/1999/xhtml" xml:lang="en" lang="en">
 <head>
  <title>
</title>
<meta http-equiv="Content-Type" content="text/html;charset=utf-8" />
  <meta name='ocr-system' content='tesseract 3.04.00' />
  <meta name='ocr-capabilities' content='ocr_page ocr_carea ocr_par ocr_line ocrx_word'/>
</head>
<body>
  <div class='ocr_page' id='page_1' title='image "./thesaurusresolut34cath_0045.png"; bbox 0 0 1981 2964; ppageno 0'>
   <div class='ocr_carea' id='block_1_1' title="bbox 105 160 1496 463">
    <p class='ocr_par' dir='ltr' id='par_1_1' title="bbox 1443 160 1494 192">
     <span class='ocr_line' id='line_1_1' title="bbox 1443 160 1494 192; baseline 0 0"><span class='ocrx_word' id='word_1_1' title='bbox 1443 160 1494 192; x_wconf 75' lang='lat'>32</span> 
     </span>
    </p>

    <p class='ocr_par' dir='ltr' id='par_1_2' title="bbox 157 193 1495 254">
     <span class='ocr_line' id='line_1_2' title="bbox 157 193 1495 254; baseline -0.009 -8"><span class='ocrx_word' id='word_1_2' title='bbox 157 199 367 246; x_wconf 73' lang='lat' dir='ltr'>Pontificis</span> <span class='ocrx_word' id='word_1_3' title='bbox 383 198 594 242; x_wconf 77' lang='lat' dir='ltr'>manifesta</span> <span class='ocrx_word' id='word_1_4' title='bbox 607 196 841 240; x_wconf 71' lang='lat' dir='ltr'>voluntate,</span> <span class='ocrx_word' id='word_1_5' title='bbox 857 206 964 246; x_wconf 78' lang='lat' dir='ltr'>pene</span> <span class='ocrx_word' id='word_1_6' title='bbox 975 193 1046 235; x_wconf 81' lang='lat' dir='ltr'>suo</span> <span class='ocrx_word' id='word_1_7' title='bbox 1062 193 1147 254; x_wconf 75' lang='lat' dir='ltr'>ipso</span> <span class='ocrx_word' id='word_1_8' title='bbox 1164 193 1346 245; x_wconf 70' lang='lat' dir='ltr'>pondere</span> <span class='ocrx_word' id='word_1_9' title='bbox 1363 199 1495 239; x_wconf 76' lang='lat' dir='ltr'>colla-</span> 
     </span>
    </p>

    <p class='ocr_par' dir='ltr' id='par_1_3' title="bbox 159 249 1496 355">
     <span class='ocr_line' id='line_1_3' title="bbox 160 249 1496 304; baseline -0.007 -9"><span class='ocrx_word' id='word_1_10' title='bbox 160 257 328 296; x_wconf 82' lang='lat' dir='ltr'>bescant</span> <span class='ocrx_word' id='word_1_11' title='bbox 345 286 353 295; x_wconf 89' lang='lat'>.</span> <span class='ocrx_word' id='word_1_12' title='bbox 383 255 641 304; x_wconf 88' lang='lat' dir='ltr'>Magistratus</span> <span class='ocrx_word' id='word_1_13' title='bbox 657 252 771 292; x_wconf 79' lang='lat' dir='ltr'>Collis</span> <span class='ocrx_word' id='word_1_14' title='bbox 786 273 800 294; x_wconf 85' lang='lat'><strong>‚</strong></span> <span class='ocrx_word' id='word_1_15' title='bbox 830 253 872 295; x_wconf 68' lang='grc' dir='ltr'>ὠ·</span> <span class='ocrx_word' id='word_1_16' title='bbox 889 249 1067 290; x_wconf 78' lang='lat' dir='ltr'>Palatioli</span> <span class='ocrx_word' id='word_1_17' title='bbox 1082 250 1141 288; x_wconf 81' lang='lat' dir='ltr'>sui</span> <span class='ocrx_word' id='word_1_18' title='bbox 1161 251 1289 299; x_wconf 79' lang='lat' dir='ltr'>Groffii</span> <span class='ocrx_word' id='word_1_19' title='bbox 1303 253 1496 293; x_wconf 54' lang='lat' dir='ltr'>causam-‚¹</span> 
     </span>
     <span class='ocr_line' id='line_1_4' title="bbox 159 301 1264 355; baseline -0.007 -7"><span class='ocrx_word' id='word_1_20' title='bbox 159 309 364 353; x_wconf 80' lang='lat' dir='ltr'>adjuvant</span> <span class='ocrx_word' id='word_1_21' title='bbox 389 307 581 347; x_wconf 86' lang='lat' dir='ltr'>adversus</span> <span class='ocrx_word' id='word_1_22' title='bbox 597 307 741 355; x_wconf 80' lang='lat' dir='ltr'>Baſsum</span> <span class='ocrx_word' id='word_1_23' title='bbox 755 316 833 344; x_wconf 86' lang='lat' dir='ltr'>non</span> <span class='ocrx_word' id='word_1_24' title='bbox 850 303 964 343; x_wconf 90' lang='lat' dir='ltr'>suum</span> <span class='ocrx_word' id='word_1_25' title='bbox 981 301 1238 349; x_wconf 82' lang='lat' dir='ltr'>municipem</span> <span class='ocrx_word' id='word_1_26' title='bbox 1253 331 1264 341; x_wconf 84' lang='lat'><strong>.</strong></span> 
     </span>
    </p>

    <p class='ocr_par' dir='ltr' id='par_1_4' title="bbox 105 354 1493 411">
     <span class='ocr_line' id='line_1_5' title="bbox 105 354 1493 411; baseline -0.004 -10"><span class='ocrx_word' id='word_1_27' title='bbox 105 358 295 411; x_wconf 60' lang='lat' dir='ltr'>videnda</span> <span class='ocrx_word' id='word_1_28' title='bbox 311 363 403 400; x_wconf 86' lang='lat' dir='ltr'>sunt</span> <span class='ocrx_word' id='word_1_29' title='bbox 417 372 521 399; x_wconf 82' lang='lat' dir='ltr'>nova</span> <span class='ocrx_word' id='word_1_30' title='bbox 541 358 752 409; x_wconf 80' lang='lat' dir='ltr'>utriusque</span> <span class='ocrx_word' id='word_1_31' title='bbox 766 364 891 405; x_wconf 81' lang='lat' dir='ltr'>partis</span> <span class='ocrx_word' id='word_1_32' title='bbox 908 355 1055 404; x_wconf 87' lang='lat' dir='ltr'>scripta</span> <span class='ocrx_word' id='word_1_33' title='bbox 1073 382 1086 401; x_wconf 89' lang='lat'><strong>‚</strong></span> <span class='ocrx_word' id='word_1_34' title='bbox 1102 367 1187 406; x_wconf 88' lang='lat' dir='ltr'>quae</span> <span class='ocrx_word' id='word_1_35' title='bbox 1206 378 1219 399; x_wconf 86' lang='lat'>‚</span> <span class='ocrx_word' id='word_1_36' title='bbox 1250 354 1302 396; x_wconf 84' lang='lat' dir='ltr'>de</span> <span class='ocrx_word' id='word_1_37' title='bbox 1317 354 1400 395; x_wconf 81' lang='lat' dir='ltr'>acri</span> <span class='ocrx_word' id='word_1_38' title='bbox 1416 358 1493 396; x_wconf 86' lang='lat' dir='ltr'>hac</span> 
     </span>
    </p>

    <p class='ocr_par' dir='ltr' id='par_1_5' title="bbox 158 407 1496 463">
     <span class='ocr_line' id='line_1_6' title="bbox 158 407 1496 463; baseline -0.001 -12"><span class='ocrx_word' id='word_1_39' title='bbox 158 416 271 457; x_wconf 71' lang='lat' dir='ltr'>,inter</span> <span class='ocrx_word' id='word_1_40' title='bbox 292 425 357 453; x_wconf 87' lang='lat' dir='ltr'>eas</span> <span class='ocrx_word' id='word_1_41' title='bbox 375 422 509 463; x_wconf 79' lang='lat' dir='ltr'>partes</span> <span class='ocrx_word' id='word_1_42' title='bbox 527 411 803 452; x_wconf 79' lang='lat' dir='ltr'>controversia</span> <span class='ocrx_word' id='word_1_43' title='bbox 822 434 834 454; x_wconf 91' lang='lat'>‚</span> <span class='ocrx_word' id='word_1_44' title='bbox 852 407 1200 449; x_wconf 81' lang='lat' dir='ltr'><strong>circumferentur</strong></span> <span class='ocrx_word' id='word_1_45' title='bbox 1217 438 1225 448; x_wconf 88' lang='lat'><strong>.</strong></span> <span class='ocrx_word' id='word_1_46' title='bbox 1242 407 1496 457; x_wconf 57' lang='lat' dir='ltr'>Proponitut,</span> 
     </span>
    </p>
   </div>
   <div class='ocr_carea' id='block_1_2' title="bbox 212 461 1362 528">
    <p class='ocr_par' dir='ltr' id='par_1_6' title="bbox 212 461 1362 528">
     <span class='ocr_line' id='line_1_7' title="bbox 212 461 1362 528; baseline -0.005 -22"><span class='ocrx_word' id='word_1_47' title='bbox 212 468 285 506; x_wconf 80' lang='lat' dir='ltr'>An</span> <span class='ocrx_word' id='word_1_48' title='bbox 302 468 431 517; x_wconf 74' lang='lat' dir='ltr'>constet</span> <span class='ocrx_word' id='word_1_49' title='bbox 445 468 491 508; x_wconf 81' lang='lat' dir='ltr'>de</span> <span class='ocrx_word' id='word_1_50' title='bbox 507 465 753 508; x_wconf 74' lang='lat' dir='ltr'>irrationabili</span> <span class='ocrx_word' id='word_1_51' title='bbox 758 461 906 528; x_wconf 65' lang='lat' dir='ltr'>juflicio</span> <span class='ocrx_word' id='word_1_52' title='bbox 920 461 1085 513; x_wconf 69' lang='lat' dir='ltr'>‚Episcopi</span> <span class='ocrx_word' id='word_1_53' title='bbox 1100 487 1116 510; x_wconf 90' lang='lat'>,</span> <span class='ocrx_word' id='word_1_54' title='bbox 1132 464 1172 502; x_wconf 72' lang='lat' dir='ltr'>in</span> <span class='ocrx_word' id='word_1_55' title='bbox 1186 461 1270 514; x_wconf 82' lang='lat' dir='ltr'>casu</span> <span class='ocrx_word' id='word_1_56' title='bbox 1283 463 1362 509; x_wconf 56' lang='lat' dir='ltr'>dyc,</span> 
     </span>
    </p>
   </div>
   <div class='ocr_carea' id='block_1_3' title="bbox 316 620 560 671">
    <p class='ocr_par' dir='ltr' id='par_1_7' title="bbox 316 620 560 671">
     <span class='ocr_line' id='line_1_8' title="bbox 316 620 560 671; baseline -0.004 -10"><span class='ocrx_word' id='word_1_57' title='bbox 316 620 530 671; x_wconf 84' lang='lat' dir='ltr'>Negative</span> <span class='ocrx_word' id='word_1_58' title='bbox 545 632 560 665; x_wconf 66' lang='grc'>.“</span> 
     </span>
    </p>
   </div>
   <div class='ocr_carea' id='block_1_4' title="bbox 99 827 1500 1251">
    <p class='ocr_par' dir='ltr' id='par_1_8' title="bbox 99 827 1500 1251">
     <span class='ocr_line' id='line_1_9' title="bbox 204 827 1495 875; baseline -0.004 -2"><span class='ocrx_word' id='word_1_59' title='bbox 204 829 401 873; x_wconf 84' lang='lat' dir='ltr'>ULLIUS</span> <span class='ocrx_word' id='word_1_60' title='bbox 433 829 844 874; x_wconf 83' lang='lat' dir='ltr'>NONANTULAE.</span> <span class='ocrx_word' id='word_1_61' title='bbox 877 831 1027 872; x_wconf 58' lang='lat' dir='ltr'>Rector</span> <span class='ocrx_word' id='word_1_62' title='bbox 1044 828 1167 871; x_wconf 63' lang='lat' dir='ltr'>Gadis·</span> <span class='ocrx_word' id='word_1_63' title='bbox 1191 828 1236 868; x_wconf 68' lang='lat' dir='ltr'>de</span> <span class='ocrx_word' id='word_1_64' title='bbox 1250 827 1365 870; x_wconf 80' lang='lat' dir='ltr'>Plano</span> <span class='ocrx_word' id='word_1_65' title='bbox 1379 832 1395 875; x_wconf 58' lang='grc' dir='ltr'>ᾖ</span> <span class='ocrx_word' id='word_1_66' title='bbox 1410 829 1495 870; x_wconf 59' lang='lat' dir='ltr'>Coa</span> 
     </span>
     <span class='ocr_line' id='line_1_10' title="bbox 230 883 1494 931; baseline 0.005 -7"><span class='ocrx_word' id='word_1_67' title='bbox 230 886 403 925; x_wconf 80' lang='lat' dir='ltr'>miratus</span> <span class='ocrx_word' id='word_1_68' title='bbox 429 886 686 926; x_wconf 81' lang='lat' dir='ltr'>Bononiensis</span> <span class='ocrx_word' id='word_1_69' title='bbox 716 890 756 926; x_wconf 84' lang='lat' dir='ltr'>in</span> <span class='ocrx_word' id='word_1_70' title='bbox 774 884 939 925; x_wconf 85' lang='lat' dir='ltr'>dioecefi</span> <span class='ocrx_word' id='word_1_71' title='bbox 967 883 1130 925; x_wconf 78' lang='lat' dir='ltr'><em>Nullius</em></span> <span class='ocrx_word' id='word_1_72' title='bbox 1148 883 1404 928; x_wconf 77' lang='lat' dir='ltr'>Nonantulae‚</span> <span class='ocrx_word' id='word_1_73' title='bbox 1426 895 1494 931; x_wconf 66' lang='lat' dir='ltr'>PO‘</span> 
     </span>
     <span class='ocr_line' id='line_1_11' title="bbox 152 936 1495 991; baseline -0.001 -14"><span class='ocrx_word' id='word_1_74' title='bbox 152 939 275 977; x_wconf 85' lang='lat' dir='ltr'>stulat</span> <span class='ocrx_word' id='word_1_75' title='bbox 298 938 530 983; x_wconf 86' lang='lat' dir='ltr'>declarari,</span> <span class='ocrx_word' id='word_1_76' title='bbox 551 951 600 979; x_wconf 90' lang='lat' dir='ltr'>an</span> <span class='ocrx_word' id='word_1_77' title='bbox 637 939 822 991; x_wconf 81' lang='lat' dir='ltr'>quaedam</span> <span class='ocrx_word' id='word_1_78' title='bbox 847 939 976 977; x_wconf 83' lang='lat' dir='ltr'>Maria</span> <span class='ocrx_word' id='word_1_79' title='bbox 1003 939 1230 981; x_wconf 74' lang='lat' dir='ltr'><em>catherina,</em></span> <span class='ocrx_word' id='word_1_80' title='bbox 1259 949 1343 987; x_wconf 81' lang='lat' dir='ltr'>quae</span> <span class='ocrx_word' id='word_1_81' title='bbox 1369 936 1409 974; x_wconf 89' lang='lat' dir='ltr'>in</span> <span class='ocrx_word' id='word_1_82' title='bbox 1426 937 1495 975; x_wconf 80' lang='lat' dir='ltr'>sua</span> 
     </span>
     <span class='ocr_line' id='line_1_12' title="bbox 153 985 1495 1040; baseline -0.004 -10"><span class='ocrx_word' id='word_1_83' title='bbox 153 991 350 1040; x_wconf 80' lang='lat' dir='ltr'>parochia</span> <span class='ocrx_word' id='word_1_84' title='bbox 383 993 436 1031; x_wconf 88' lang='lat' dir='ltr'>est</span> <span class='ocrx_word' id='word_1_85' title='bbox 464 1004 616 1032; x_wconf 89' lang='lat' dir='ltr'>annum</span> <span class='ocrx_word' id='word_1_86' title='bbox 641 993 880 1033; x_wconf 72' lang='lat' dir='ltr'>vicesimum</span> <span class='ocrx_word' id='word_1_87' title='bbox 913 1002 1034 1040; x_wconf 85' lang='lat' dir='ltr'>agens</span> <span class='ocrx_word' id='word_1_88' title='bbox 1052 1016 1066 1035; x_wconf 87' lang='lat'><strong>‚</strong></span> <span class='ocrx_word' id='word_1_89' title='bbox 1093 988 1263 1028; x_wconf 80' lang='lat' dir='ltr'>admitti</span> <span class='ocrx_word' id='word_1_90' title='bbox 1298 986 1419 1037; x_wconf 83' lang='lat' dir='ltr'>poffit</span> <span class='ocrx_word' id='word_1_91' title='bbox 1443 985 1495 1026; x_wconf 86' lang='lat' dir='ltr'>ad</span> 
     </span>
     <span class='ocr_line' id='line_1_13' title="bbox 154 1038 1498 1096; baseline -0.003 -15"><span class='ocrx_word' id='word_1_92' title='bbox 154 1043 472 1084; x_wconf 86' lang='lat' dir='ltr'>matrimonium</span> <span class='ocrx_word' id='word_1_93' title='bbox 485 1069 499 1089; x_wconf 91' lang='lat'>‚</span> <span class='ocrx_word' id='word_1_94' title='bbox 516 1046 624 1096; x_wconf 87' lang='lat' dir='ltr'>quod</span> <span class='ocrx_word' id='word_1_95' title='bbox 641 1054 829 1094; x_wconf 83' lang='lat' dir='ltr'>paratum</span> <span class='ocrx_word' id='word_1_96' title='bbox 847 1046 987 1089; x_wconf 84' lang='lat' dir='ltr'>habet,</span> <span class='ocrx_word' id='word_1_97' title='bbox 1003 1055 1081 1082; x_wconf 89' lang='lat' dir='ltr'>non</span> <span class='ocrx_word' id='word_1_98' title='bbox 1097 1042 1255 1082; x_wconf 90' lang='lat' dir='ltr'>collato</span> <span class='ocrx_word' id='word_1_99' title='bbox 1270 1041 1408 1082; x_wconf 88' lang='lat' dir='ltr'>eidem</span> <span class='ocrx_word' id='word_1_100' title='bbox 1425 1038 1498 1078; x_wconf 86' lang='lat' dir='ltr'>sub</span> 
     </span>
     <span class='ocr_line' id='line_1_14' title="bbox 155 1091 1497 1148; baseline -0.001 -14"><span class='ocrx_word' id='word_1_101' title='bbox 155 1095 397 1137; x_wconf 88' lang='lat' dir='ltr'>conditione</span> <span class='ocrx_word' id='word_1_102' title='bbox 416 1098 635 1146; x_wconf 80' lang='lat' dir='ltr'>baptismo,</span> <span class='ocrx_word' id='word_1_103' title='bbox 648 1100 699 1140; x_wconf 87' lang='lat' dir='ltr'>ob</span> <span class='ocrx_word' id='word_1_104' title='bbox 714 1099 895 1139; x_wconf 83' lang='lat' dir='ltr'>incertos</span> <span class='ocrx_word' id='word_1_105' title='bbox 912 1108 1010 1148; x_wconf 90' lang='lat' dir='ltr'>quos</span> <span class='ocrx_word' id='word_1_106' title='bbox 1028 1096 1174 1135; x_wconf 86' lang='lat' dir='ltr'>habuit</span> <span class='ocrx_word' id='word_1_107' title='bbox 1190 1102 1383 1145; x_wconf 83' lang='lat' dir='ltr'>parentes</span> <span class='ocrx_word' id='word_1_108' title='bbox 1401 1123 1411 1132; x_wconf 93' lang='lat'>.</span> <span class='ocrx_word' id='word_1_109' title='bbox 1429 1091 1497 1131; x_wconf 83' lang='lat' dir='ltr'>De</span> 
     </span>
     <span class='ocr_line' id='line_1_15' title="bbox 155 1149 672 1206; baseline 0.01 -20"><span class='ocrx_word' id='word_1_110' title='bbox 155 1149 234 1206; x_wconf 77' lang='lat' dir='ltr'>hoc</span> <span class='ocrx_word' id='word_1_111' title='bbox 250 1150 303 1188; x_wconf 88' lang='lat' dir='ltr'>est</span> <span class='ocrx_word' id='word_1_112' title='bbox 318 1150 647 1199; x_wconf 81' lang='lat' dir='ltr'>cognoscendum</span> <span class='ocrx_word' id='word_1_113' title='bbox 661 1182 672 1192; x_wconf 87' lang='lat'>.</span> 
     </span>
     <span class='ocr_line' id='line_1_16' title="bbox 99 1195 1500 1251; baseline -0.001 -12"><span class='ocrx_word' id='word_1_114' title='bbox 99 1195 217 1244; x_wconf 64' lang='lat' dir='ltr'>Facu</span> <span class='ocrx_word' id='word_1_115' title='bbox 233 1201 441 1241; x_wconf 85' lang='lat' dir='ltr'>historiam</span> <span class='ocrx_word' id='word_1_116' title='bbox 456 1212 593 1243; x_wconf 77' lang='lat' dir='ltr'>narrat</span> <span class='ocrx_word' id='word_1_117' title='bbox 607 1229 621 1248; x_wconf 89' lang='lat'>‚</span> <span class='ocrx_word' id='word_1_118' title='bbox 640 1205 760 1245; x_wconf 87' lang='lat' dir='ltr'>unius</span> <span class='ocrx_word' id='word_1_119' title='bbox 778 1205 893 1246; x_wconf 87' lang='lat' dir='ltr'>testis</span> <span class='ocrx_word' id='word_1_120' title='bbox 907 1203 1100 1251; x_wconf 76' lang='lat' dir='ltr'>judiciali</span> <span class='ocrx_word' id='word_1_121' title='bbox 1116 1200 1393 1243; x_wconf 84' lang='lat' dir='ltr'>affirmatione</span> <span class='ocrx_word' id='word_1_122' title='bbox 1408 1207 1500 1246; x_wconf 67' lang='lat' dir='ltr'>pro-⁵</span> 
     </span>
    </p>
   </div>
   <div class='ocr_carea' id='block_1_5' title="bbox 153 1251 1504 1396">
    <p class='ocr_par' dir='ltr' id='par_1_9' title="bbox 153 1251 1504 1396">
     <span class='ocr_line' id='line_1_17' title="bbox 155 1251 1501 1308; baseline -0.001 -18"><span class='ocrx_word' id='word_1_123' title='bbox 155 1253 293 1292; x_wconf 88' lang='lat' dir='ltr'>batam</span> <span class='ocrx_word' id='word_1_124' title='bbox 307 1284 317 1290; x_wconf 83' lang='lat'><strong>.</strong></span> <span class='ocrx_word' id='word_1_125' title='bbox 348 1253 532 1294; x_wconf 86' lang='lat' dir='ltr'>Thomas</span> <span class='ocrx_word' id='word_1_126' title='bbox 547 1258 725 1308; x_wconf 82' lang='lat' dir='ltr'>Bastiglia</span> <span class='ocrx_word' id='word_1_127' title='bbox 742 1271 791 1299; x_wconf 81' lang='lat' dir='ltr'>ex</span> <span class='ocrx_word' id='word_1_128' title='bbox 807 1271 857 1298; x_wconf 88' lang='lat' dir='ltr'>eo</span> <span class='ocrx_word' id='word_1_129' title='bbox 876 1257 1027 1308; x_wconf 84' lang='lat' dir='ltr'>oppido</span> <span class='ocrx_word' id='word_1_130' title='bbox 1048 1284 1061 1304; x_wconf 90' lang='lat'>‚</span> <span class='ocrx_word' id='word_1_131' title='bbox 1077 1270 1166 1297; x_wconf 81' lang='lat' dir='ltr'>anno</span> <span class='ocrx_word' id='word_1_132' title='bbox 1187 1271 1302 1307; x_wconf 79' lang='lat'><em>1740.</em></span> <span class='ocrx_word' id='word_1_133' title='bbox 1321 1251 1501 1308; x_wconf 58' lang='lat' dir='ltr'>relicta.)</span> 
     </span>
     <span class='ocr_line' id='line_1_18' title="bbox 153 1306 1504 1352; baseline -0.001 -10"><span class='ocrx_word' id='word_1_134' title='bbox 153 1315 398 1349; x_wconf 67' lang='lat' dir='ltr'>UX0r65Cum</span> <span class='ocrx_word' id='word_1_135' title='bbox 416 1311 543 1343; x_wconf 83' lang='lat' dir='ltr'>Maria</span> <span class='ocrx_word' id='word_1_136' title='bbox 560 1312 755 1349; x_wconf 76' lang='lat' dir='ltr'>Ronarelh&#39;,</span> <span class='ocrx_word' id='word_1_137' title='bbox 770 1325 856 1352; x_wconf 59' lang='grc' dir='ltr'>τμη»</span> <span class='ocrx_word' id='word_1_138' title='bbox 871 1312 985 1344; x_wconf 77' lang='lat' dir='ltr'>sunm</span> <span class='ocrx_word' id='word_1_139' title='bbox 1006 1311 1133 1343; x_wconf 54' lang='lat' dir='ltr'>etiam</span> <span class='ocrx_word' id='word_1_140' title='bbox 1150 1311 1287 1342; x_wconf 78' lang='lat' dir='ltr'>virum</span> <span class='ocrx_word' id='word_1_141' title='bbox 1302 1306 1504 1342; x_wconf 65' lang='lat' dir='ltr'>deseruff&#39;</span> 
     </span>
     <span class='ocr_line' id='line_1_19' title="bbox 153 1349 1502 1396; baseline -0.006 -2"><span class='ocrx_word' id='word_1_142' title='bbox 153 1354 205 1395; x_wconf 81' lang='lat' dir='ltr'>ad</span> <span class='ocrx_word' id='word_1_143' title='bbox 230 1355 490 1394; x_wconf 84' lang='lat' dir='ltr'>Austriacum</span> <span class='ocrx_word' id='word_1_144' title='bbox 505 1355 738 1392; x_wconf 83' lang='lat' dir='ltr'>exercitum</span> <span class='ocrx_word' id='word_1_145' title='bbox 750 1352 928 1388; x_wconf 83' lang='lat' dir='ltr'>Mutinae</span> <span class='ocrx_word' id='word_1_146' title='bbox 958 1349 1137 1396; x_wconf 84' lang='lat' dir='ltr'>primum</span> <span class='ocrx_word' id='word_1_147' title='bbox 1154 1371 1168 1390; x_wconf 84' lang='lat'>‚</span> <span class='ocrx_word' id='word_1_148' title='bbox 1184 1349 1335 1388; x_wconf 87' lang='lat' dir='ltr'>deinde</span> <span class='ocrx_word' id='word_1_149' title='bbox 1350 1349 1434 1388; x_wconf 89' lang='lat' dir='ltr'>alio</span> <span class='ocrx_word' id='word_1_150' title='bbox 1462 1350 1502 1388; x_wconf 88' lang='lat' dir='ltr'>se</span> 
     </span>
    </p>
   </div>
   <div class='ocr_carea' id='block_1_6' title="bbox 102 1399 1512 2804">
    <p class='ocr_par' dir='ltr' id='par_1_10' title="bbox 153 1399 1507 1607">
     <span class='ocr_line' id='line_1_20' title="bbox 153 1399 1504 1453; baseline -0.001 -10"><span class='ocrx_word' id='word_1_151' title='bbox 153 1406 341 1443; x_wconf 85' lang='lat' dir='ltr'>contulit</span> <span class='ocrx_word' id='word_1_152' title='bbox 358 1429 373 1448; x_wconf 86' lang='lat'><strong>‚</strong></span> <span class='ocrx_word' id='word_1_153' title='bbox 407 1403 720 1453; x_wconf 82' lang='lat' dir='ltr'>cupedina-rium</span> <span class='ocrx_word' id='word_1_154' title='bbox 735 1402 842 1440; x_wconf 84' lang='lat' dir='ltr'>inter</span> <span class='ocrx_word' id='word_1_155' title='bbox 860 1399 1021 1438; x_wconf 79' lang='lat' dir='ltr'>milites</span> <span class='ocrx_word' id='word_1_156' title='bbox 1050 1408 1214 1440; x_wconf 88' lang='lat' dir='ltr'>mutato</span> <span class='ocrx_word' id='word_1_157' title='bbox 1244 1401 1314 1439; x_wconf 83' lang='lat' dir='ltr'>fibi</span> <span class='ocrx_word' id='word_1_158' title='bbox 1330 1402 1504 1442; x_wconf 85' lang='lat' dir='ltr'>nomine</span> 
     </span>
     <span class='ocr_line' id='line_1_21' title="bbox 153 1452 1507 1505; baseline -0.004 -9"><span class='ocrx_word' id='word_1_159' title='bbox 153 1468 298 1505; x_wconf 48' lang='lat' dir='ltr'>agen&amp;</span> <span class='ocrx_word' id='word_1_160' title='bbox 306 1456 357 1493; x_wconf 84' lang='lat' dir='ltr'>fic</span> <span class='ocrx_word' id='word_1_161' title='bbox 372 1456 593 1493; x_wconf 85' lang='lat' dir='ltr'>exculenta</span> <span class='ocrx_word' id='word_1_162' title='bbox 609 1455 791 1496; x_wconf 57' lang='lat' dir='ltr'>coffluac</span> <span class='ocrx_word' id='word_1_163' title='bbox 807 1458 950 1500; x_wconf 83' lang='lat' dir='ltr'>parata</span> <span class='ocrx_word' id='word_1_164' title='bbox 966 1452 1370 1496; x_wconf 77' lang='lat' dir='ltr'>venditando‚donec</span> <span class='ocrx_word' id='word_1_165' title='bbox 1389 1465 1507 1492; x_wconf 79' lang='lat' dir='ltr'>exer·</span> 
     </span>
     <span class='ocr_line' id='line_1_22' title="bbox 154 1501 1505 1550; baseline -0.001 -5"><span class='ocrx_word' id='word_1_166' title='bbox 154 1509 263 1545; x_wconf 81' lang='lat' dir='ltr'>citus</span> <span class='ocrx_word' id='word_1_167' title='bbox 278 1506 330 1543; x_wconf 90' lang='lat' dir='ltr'>iis</span> <span class='ocrx_word' id='word_1_168' title='bbox 349 1505 464 1543; x_wconf 89' lang='lat' dir='ltr'>annis</span> <span class='ocrx_word' id='word_1_169' title='bbox 481 1530 495 1550; x_wconf 88' lang='lat'>,</span> <span class='ocrx_word' id='word_1_170' title='bbox 510 1504 574 1543; x_wconf 90' lang='lat' dir='ltr'>uti</span> <span class='ocrx_word' id='word_1_171' title='bbox 588 1503 847 1543; x_wconf 85' lang='lat' dir='ltr'>notiffimum</span> <span class='ocrx_word' id='word_1_172' title='bbox 864 1503 917 1542; x_wconf 91' lang='lat' dir='ltr'>est</span> <span class='ocrx_word' id='word_1_173' title='bbox 931 1527 945 1546; x_wconf 89' lang='lat'>,</span> <span class='ocrx_word' id='word_1_174' title='bbox 970 1501 1011 1540; x_wconf 87' lang='lat' dir='ltr'>iu</span> <span class='ocrx_word' id='word_1_175' title='bbox 1029 1502 1239 1542; x_wconf 86' lang='lat' dir='ltr'>ditionem</span> <span class='ocrx_word' id='word_1_176' title='bbox 1256 1502 1505 1543; x_wconf 77' lang='lat' dir='ltr'>Ecclefiasti-=</span> 
     </span>
     <span class='ocr_line' id='line_1_23' title="bbox 157 1553 1400 1607; baseline -0.003 -10"><span class='ocrx_word' id='word_1_177' title='bbox 157 1569 250 1597; x_wconf 87' lang='lat' dir='ltr'>cam</span> <span class='ocrx_word' id='word_1_178' title='bbox 263 1557 397 1600; x_wconf 87' lang='lat' dir='ltr'>venit,</span> <span class='ocrx_word' id='word_1_179' title='bbox 414 1569 494 1607; x_wconf 90' lang='lat' dir='ltr'>quo</span> <span class='ocrx_word' id='word_1_180' title='bbox 509 1563 700 1605; x_wconf 85' lang='lat' dir='ltr'>tempore</span> <span class='ocrx_word' id='word_1_181' title='bbox 718 1554 903 1595; x_wconf 79' lang='lat' dir='ltr'>Thomas</span> <span class='ocrx_word' id='word_1_182' title='bbox 920 1553 1097 1594; x_wconf 79' lang='lat' dir='ltr'>Mutinae</span> <span class='ocrx_word' id='word_1_183' title='bbox 1112 1555 1149 1593; x_wconf 90' lang='lat' dir='ltr'>se</span> <span class='ocrx_word' id='word_1_184' title='bbox 1166 1556 1377 1594; x_wconf 84' lang='lat' dir='ltr'>continuit</span> <span class='ocrx_word' id='word_1_185' title='bbox 1390 1584 1400 1594; x_wconf 83' lang='lat'><strong>.</strong></span> 
     </span>
    </p>

    <p class='ocr_par' dir='ltr' id='par_1_11' title="bbox 102 1606 1512 1973">
     <span class='ocr_line' id='line_1_24' title="bbox 102 1606 1511 1659; baseline -0.002 -10"><span class='ocrx_word' id='word_1_186' title='bbox 102 1612 231 1659; x_wconf 73' lang='lat' dir='ltr'>v&#39;Anno</span> <span class='ocrx_word' id='word_1_187' title='bbox 247 1620 363 1658; x_wconf 76' lang='lat'>1745.</span> <span class='ocrx_word' id='word_1_188' title='bbox 378 1616 564 1648; x_wconf 78' lang='lat' dir='ltr'>remeato</span> <span class='ocrx_word' id='word_1_189' title='bbox 582 1609 675 1646; x_wconf 84' lang='lat' dir='ltr'>hinc</span> <span class='ocrx_word' id='word_1_190' title='bbox 690 1606 1002 1654; x_wconf 79' lang='lat' dir='ltr'>exercitu‚apud</span> <span class='ocrx_word' id='word_1_191' title='bbox 1022 1607 1238 1647; x_wconf 79' lang='lat' dir='ltr'>Sardorum</span> <span class='ocrx_word' id='word_1_192' title='bbox 1259 1607 1397 1656; x_wconf 84' lang='lat' dir='ltr'>copias</span> <span class='ocrx_word' id='word_1_193' title='bbox 1412 1617 1511 1646; x_wconf 89' lang='lat' dir='ltr'>cum</span> 
     </span>
     <span class='ocr_line' id='line_1_25' title="bbox 161 1656 1512 1710; baseline -0.003 -8"><span class='ocrx_word' id='word_1_194' title='bbox 161 1662 308 1703; x_wconf 84' lang='lat' dir='ltr'>eadem</span> <span class='ocrx_word' id='word_1_195' title='bbox 324 1661 495 1701; x_wconf 74' lang='lat' dir='ltr'>vivendi</span> <span class='ocrx_word' id='word_1_196' title='bbox 510 1660 673 1699; x_wconf 87' lang='lat' dir='ltr'>ratione</span> <span class='ocrx_word' id='word_1_197' title='bbox 691 1658 820 1698; x_wconf 83' lang='lat' dir='ltr'>rediit</span> <span class='ocrx_word' id='word_1_198' title='bbox 838 1656 1240 1710; x_wconf 54' lang='lat' dir='ltr'>ThomasSequenti</span> <span class='ocrx_word' id='word_1_199' title='bbox 1260 1671 1364 1699; x_wconf 89' lang='lat' dir='ltr'>anno</span> <span class='ocrx_word' id='word_1_200' title='bbox 1385 1659 1423 1697; x_wconf 91' lang='lat' dir='ltr'>in</span> <span class='ocrx_word' id='word_1_201' title='bbox 1439 1672 1512 1708; x_wconf 79' lang='lat' dir='ltr'>pa-</span> 
     </span>
     <span class='ocr_line' id='line_1_26' title="bbox 157 1710 1510 1764; baseline -0.004 -10"><span class='ocrx_word' id='word_1_202' title='bbox 157 1715 347 1754; x_wconf 87' lang='lat' dir='ltr'>rochiam</span> <span class='ocrx_word' id='word_1_203' title='bbox 373 1716 420 1753; x_wconf 85' lang='lat' dir='ltr'>S.</span> <span class='ocrx_word' id='word_1_204' title='bbox 443 1713 600 1764; x_wconf 74' lang='lat' dir='ltr'>Joanm&#39;s</span> <span class='ocrx_word' id='word_1_205' title='bbox 615 1712 787 1762; x_wconf 82' lang='lat' dir='ltr'>Baptistae</span> <span class='ocrx_word' id='word_1_206' title='bbox 802 1710 917 1750; x_wconf 83' lang='lat' dir='ltr'>Villae</span> <span class='ocrx_word' id='word_1_207' title='bbox 933 1714 1065 1751; x_wconf 77' lang='lat' dir='ltr'>Moleae</span> <span class='ocrx_word' id='word_1_208' title='bbox 1080 1713 1250 1763; x_wconf 82' lang='lat' dir='ltr'>Regien.</span> <span class='ocrx_word' id='word_1_209' title='bbox 1264 1711 1450 1752; x_wconf 75' lang='lat' dir='ltr'>dioecefis</span> <span class='ocrx_word' id='word_1_210' title='bbox 1469 1712 1510 1750; x_wconf 86' lang='lat' dir='ltr'>se</span> 
     </span>
     <span class='ocr_line' id='line_1_27' title="bbox 156 1763 1512 1818; baseline -0.004 -12"><span class='ocrx_word' id='word_1_211' title='bbox 156 1766 340 1815; x_wconf 72' lang='lat' dir='ltr'>recepit,</span> <span class='ocrx_word' id='word_1_212' title='bbox 357 1777 452 1804; x_wconf 91' lang='lat' dir='ltr'>cum</span> <span class='ocrx_word' id='word_1_213' title='bbox 470 1765 616 1805; x_wconf 87' lang='lat' dir='ltr'>eadem</span> <span class='ocrx_word' id='word_1_214' title='bbox 627 1767 758 1803; x_wconf 81' lang='lat' dir='ltr'>Maria</span> <span class='ocrx_word' id='word_1_215' title='bbox 772 1764 960 1804; x_wconf 78' lang='lat' dir='ltr'>Bonarelli</span> <span class='ocrx_word' id='word_1_216' title='bbox 975 1790 990 1810; x_wconf 89' lang='lat'>,</span> <span class='ocrx_word' id='word_1_217' title='bbox 1021 1779 1107 1818; x_wconf 86' lang='lat' dir='ltr'>quae</span> <span class='ocrx_word' id='word_1_218' title='bbox 1124 1780 1214 1805; x_wconf 81' lang='lat' dir='ltr'>anno</span> <span class='ocrx_word' id='word_1_219' title='bbox 1235 1770 1348 1814; x_wconf 82' lang='lat'>1748.</span> <span class='ocrx_word' id='word_1_220' title='bbox 1366 1763 1512 1802; x_wconf 78' lang='lat' dir='ltr'>ibide-</span> 
     </span>
     <span class='ocr_line' id='line_1_28' title="bbox 156 1815 1508 1868; baseline -0.002 -10"><span class='ocrx_word' id='word_1_221' title='bbox 156 1818 301 1858; x_wconf 57' lang='lat' dir='ltr'>functa</span> <span class='ocrx_word' id='word_1_222' title='bbox 320 1819 373 1858; x_wconf 91' lang='lat' dir='ltr'>est</span> <span class='ocrx_word' id='word_1_223' title='bbox 389 1848 398 1857; x_wconf 89' lang='lat'><strong>.</strong></span> <span class='ocrx_word' id='word_1_224' title='bbox 430 1818 545 1857; x_wconf 84' lang='lat' dir='ltr'>Hinc</span> <span class='ocrx_word' id='word_1_225' title='bbox 561 1819 686 1865; x_wconf 73' lang='lat' dir='ltr'>paulo</span> <span class='ocrx_word' id='word_1_226' title='bbox 706 1818 788 1867; x_wconf 78' lang='lat' dir='ltr'>post</span> <span class='ocrx_word' id='word_1_227' title='bbox 817 1817 866 1857; x_wconf 90' lang='lat' dir='ltr'>ad</span> <span class='ocrx_word' id='word_1_228' title='bbox 897 1819 1078 1865; x_wconf 76' lang='lat' dir='ltr'>patriam</span> <span class='ocrx_word' id='word_1_229' title='bbox 1109 1817 1352 1868; x_wconf 85' lang='lat' dir='ltr'>remigravit</span> <span class='ocrx_word' id='word_1_230' title='bbox 1366 1841 1379 1861; x_wconf 81' lang='grc'><em>,</em></span> <span class='ocrx_word' id='word_1_231' title='bbox 1413 1815 1451 1854; x_wconf 76' lang='lat' dir='ltr'>Sc</span> <span class='ocrx_word' id='word_1_232' title='bbox 1467 1815 1508 1855; x_wconf 84' lang='lat' dir='ltr'>in</span> 
     </span>
     <span class='ocr_line' id='line_1_29' title="bbox 160 1866 1510 1920; baseline -0.001 -9"><span class='ocrx_word' id='word_1_233' title='bbox 160 1871 355 1920; x_wconf 73' lang='lat' dir='ltr'>“parochia</span> <span class='ocrx_word' id='word_1_234' title='bbox 372 1874 407 1910; x_wconf 82' lang='lat' dir='ltr'><em>S</em></span> <span class='ocrx_word' id='word_1_235' title='bbox 410 1872 444 1908; x_wconf 86' lang='lat' dir='ltr'><em>S</em></span> <span class='ocrx_word' id='word_1_236' title='bbox 445 1871 642 1920; x_wconf 56' lang='lat' dir='ltr'>fhilippi,</span> <span class='ocrx_word' id='word_1_237' title='bbox 661 1873 704 1915; x_wconf 75' lang='lat'>&amp;⁶</span> <span class='ocrx_word' id='word_1_238' title='bbox 722 1869 857 1920; x_wconf 70' lang='lat' dir='ltr'>Jacohi</span> <span class='ocrx_word' id='word_1_239' title='bbox 870 1871 1057 1916; x_wconf 55' lang='lat' dir='ltr'>Parmani,</span> <span class='ocrx_word' id='word_1_240' title='bbox 1076 1872 1185 1911; x_wconf 68' lang='lat' dir='ltr'>villae</span> <span class='ocrx_word' id='word_1_241' title='bbox 1203 1872 1321 1910; x_wconf 79' lang='lat' dir='ltr'>Gadii</span> <span class='ocrx_word' id='word_1_242' title='bbox 1334 1872 1379 1907; x_wconf 77' lang='lat' dir='ltr'>de</span> <span class='ocrx_word' id='word_1_243' title='bbox 1392 1866 1510 1906; x_wconf 72' lang='lat' dir='ltr'>Plana</span> 
     </span>
     <span class='ocr_line' id='line_1_30' title="bbox 163 1923 1142 1973; baseline 0 -10"><span class='ocrx_word' id='word_1_244' title='bbox 163 1924 424 1964; x_wconf 88' lang='lat' dir='ltr'>contermina</span> <span class='ocrx_word' id='word_1_245' title='bbox 442 1950 455 1970; x_wconf 90' lang='lat'>,</span> <span class='ocrx_word' id='word_1_246' title='bbox 473 1926 533 1961; x_wconf 85' lang='lat' dir='ltr'>die</span> <span class='ocrx_word' id='word_1_247' title='bbox 552 1938 621 1972; x_wconf 87' lang='lat'>24.</span> <span class='ocrx_word' id='word_1_248' title='bbox 643 1923 832 1973; x_wconf 77' lang='lat' dir='ltr'>‘Januarii</span> <span class='ocrx_word' id='word_1_249' title='bbox 865 1937 879 1961; x_wconf 92' lang='lat'>1</span> <span class='ocrx_word' id='word_1_250' title='bbox 892 1927 987 1970; x_wconf 88' lang='lat'><strong>760.</strong></span> <span class='ocrx_word' id='word_1_251' title='bbox 1007 1923 1114 1963; x_wconf 77' lang='lat' dir='ltr'>obiit</span> <span class='ocrx_word' id='word_1_252' title='bbox 1131 1954 1142 1963; x_wconf 91' lang='lat'>.</span> 
     </span>
    </p>

    <p class='ocr_par' dir='ltr' id='par_1_12' title="bbox 106 1974 1509 2434">
     <span class='ocr_line' id='line_1_31' title="bbox 106 1974 1498 2027; baseline -0.003 -13"><span class='ocrx_word' id='word_1_253' title='bbox 106 1982 268 2027; x_wconf 59' lang='lat' dir='ltr'>§ecum</span> <span class='ocrx_word' id='word_1_254' title='bbox 299 1989 320 2015; x_wconf 92' lang='lat' dir='ltr'>e</span> <span class='ocrx_word' id='word_1_255' title='bbox 350 1978 416 2015; x_wconf 90' lang='lat' dir='ltr'>sua</span> <span class='ocrx_word' id='word_1_256' title='bbox 434 1975 775 2026; x_wconf 75' lang='lat' dir='ltr'>peregrinatione</span> <span class='ocrx_word' id='word_1_257' title='bbox 810 1983 992 2016; x_wconf 80' lang='lat' dir='ltr'>traxerat</span> <span class='ocrx_word' id='word_1_258' title='bbox 1011 1976 1193 2016; x_wconf 83' lang='lat' dir='ltr'>Thomas</span> <span class='ocrx_word' id='word_1_259' title='bbox 1212 1978 1317 2015; x_wconf 88' lang='lat' dir='ltr'>hanc</span> <span class='ocrx_word' id='word_1_260' title='bbox 1331 1974 1498 2013; x_wconf 81' lang='lat' dir='ltr'>Mariam</span> 
     </span>
     <span class='ocr_line' id='line_1_32' title="bbox 167 2028 1507 2080; baseline -0.004 -12"><span class='ocrx_word' id='word_1_261' title='bbox 167 2031 416 2072; x_wconf 62' lang='lat' dir='ltr'>Camerinam,</span> <span class='ocrx_word' id='word_1_262' title='bbox 435 2030 485 2068; x_wconf 91' lang='lat' dir='ltr'>de</span> <span class='ocrx_word' id='word_1_263' title='bbox 505 2042 590 2080; x_wconf 84' lang='lat' dir='ltr'>qua-</span> <span class='ocrx_word' id='word_1_264' title='bbox 602 2030 734 2069; x_wconf 87' lang='lat' dir='ltr'>sermo</span> <span class='ocrx_word' id='word_1_265' title='bbox 752 2029 929 2074; x_wconf 86' lang='lat' dir='ltr'>est,tunc</span> <span class='ocrx_word' id='word_1_266' title='bbox 945 2029 1079 2068; x_wconf 70' lang='lat' dir='ltr'>aetatis</span> <span class='ocrx_word' id='word_1_267' title='bbox 1098 2041 1299 2068; x_wconf 87' lang='lat' dir='ltr'>annorum</span> <span class='ocrx_word' id='word_1_268' title='bbox 1313 2028 1507 2079; x_wconf 89' lang='lat' dir='ltr'>quinque.</span> 
     </span>
     <span class='ocr_line' id='line_1_33' title="bbox 162 2081 1509 2131; baseline -0.002 -12"><span class='ocrx_word' id='word_1_269' title='bbox 162 2081 266 2119; x_wconf 82' lang='lat' dir='ltr'>Eam</span> <span class='ocrx_word' id='word_1_270' title='bbox 294 2081 522 2128; x_wconf 70' lang='lat' dir='ltr'>puellulam</span> <span class='ocrx_word' id='word_1_271' title='bbox 540 2081 776 2131; x_wconf 87' lang='lat' dir='ltr'>paren-tibus</span> <span class='ocrx_word' id='word_1_272' title='bbox 800 2081 986 2120; x_wconf 84' lang='lat' dir='ltr'>orbatam</span> <span class='ocrx_word' id='word_1_273' title='bbox 1005 2107 1019 2126; x_wconf 89' lang='lat'>,</span> <span class='ocrx_word' id='word_1_274' title='bbox 1051 2090 1259 2129; x_wconf 76' lang='lat' dir='ltr'>repertam</span> <span class='ocrx_word' id='word_1_275' title='bbox 1275 2104 1290 2124; x_wconf 85' lang='lat'>‚</span> <span class='ocrx_word' id='word_1_276' title='bbox 1316 2091 1394 2117; x_wconf 91' lang='lat' dir='ltr'>non</span> <span class='ocrx_word' id='word_1_277' title='bbox 1409 2089 1509 2116; x_wconf 87' lang='lat' dir='ltr'>vero</span> 
     </span>
     <span class='ocr_line' id='line_1_34' title="bbox 162 2129 1508 2181; baseline -0.004 -9"><span class='ocrx_word' id='word_1_278' title='bbox 162 2134 277 2172; x_wconf 83' lang='lat' dir='ltr'>suam</span> <span class='ocrx_word' id='word_1_279' title='bbox 293 2133 424 2171; x_wconf 83' lang='lat' dir='ltr'>fili-am</span> <span class='ocrx_word' id='word_1_280' title='bbox 440 2133 544 2173; x_wconf 81' lang='lat' dir='ltr'>dixit</span> <span class='ocrx_word' id='word_1_281' title='bbox 558 2164 568 2173; x_wconf 90' lang='lat'><strong>.</strong></span> <span class='ocrx_word' id='word_1_282' title='bbox 585 2135 713 2173; x_wconf 24' lang='lat' dir='ltr'>Suam*</span> <span class='ocrx_word' id='word_1_283' title='bbox 726 2142 868 2174; x_wconf 87' lang='lat' dir='ltr'>tamen</span> <span class='ocrx_word' id='word_1_284' title='bbox 886 2133 1065 2172; x_wconf 77' lang='lat' dir='ltr'>moriens</span> <span class='ocrx_word' id='word_1_285' title='bbox 1082 2131 1201 2172; x_wconf 76' lang='lat' dir='ltr'>faffus</span> <span class='ocrx_word' id='word_1_286' title='bbox 1221 2133 1274 2172; x_wconf 80' lang='lat' dir='ltr'>est</span> <span class='ocrx_word' id='word_1_287' title='bbox 1290 2155 1304 2176; x_wconf 86' lang='lat'>‚</span> <span class='ocrx_word' id='word_1_288' title='bbox 1321 2139 1445 2181; x_wconf 87' lang='lat' dir='ltr'>atque</span> <span class='ocrx_word' id='word_1_289' title='bbox 1457 2129 1508 2168; x_wconf 86' lang='lat' dir='ltr'>ab</span> 
     </span>
     <span class='ocr_line' id='line_1_35' title="bbox 161 2180 1506 2236; baseline -0.003 -13"><span class='ocrx_word' id='word_1_290' title='bbox 161 2185 254 2224; x_wconf 84' lang='lat' dir='ltr'>aliis</span> <span class='ocrx_word' id='word_1_291' title='bbox 272 2185 369 2224; x_wconf 80' lang='lat' dir='ltr'>filiis</span> <span class='ocrx_word' id='word_1_292' title='bbox 403 2185 467 2224; x_wconf 87' lang='lat' dir='ltr'>uti</span> <span class='ocrx_word' id='word_1_293' title='bbox 481 2187 592 2225; x_wconf 87' lang='lat' dir='ltr'>suam</span> <span class='ocrx_word' id='word_1_294' title='bbox 612 2185 879 2232; x_wconf 85' lang='lat' dir='ltr'>haberijuffit</span> <span class='ocrx_word' id='word_1_295' title='bbox 895 2211 908 2231; x_wconf 89' lang='lat'>‚</span> <span class='ocrx_word' id='word_1_296' title='bbox 937 2185 1041 2224; x_wconf 90' lang='lat' dir='ltr'>nihil</span> <span class='ocrx_word' id='word_1_297' title='bbox 1059 2196 1198 2236; x_wconf 87' lang='lat' dir='ltr'>neque</span> <span class='ocrx_word' id='word_1_298' title='bbox 1221 2184 1378 2224; x_wconf 86' lang='lat' dir='ltr'>deloco</span> <span class='ocrx_word' id='word_1_299' title='bbox 1395 2208 1408 2227; x_wconf 92' lang='lat'>‚</span> <span class='ocrx_word' id='word_1_300' title='bbox 1437 2180 1506 2220; x_wconf 87' lang='lat' dir='ltr'>ubi</span> 
     </span>
     <span class='ocr_line' id='line_1_36' title="bbox 163 2235 1508 2289; baseline -0.004 -13"><span class='ocrx_word' id='word_1_301' title='bbox 163 2246 302 2276; x_wconf 90' lang='lat' dir='ltr'>ortum</span> <span class='ocrx_word' id='word_1_302' title='bbox 323 2238 665 2289; x_wconf 59' lang='lat' dir='ltr'>habueritmeque</span> <span class='ocrx_word' id='word_1_303' title='bbox 680 2238 731 2278; x_wconf 88' lang='lat' dir='ltr'>de</span> <span class='ocrx_word' id='word_1_304' title='bbox 749 2240 835 2284; x_wconf 86' lang='lat' dir='ltr'>ejus</span> <span class='ocrx_word' id='word_1_305' title='bbox 851 2237 1053 2286; x_wconf 84' lang='lat' dir='ltr'>baptismo</span> <span class='ocrx_word' id='word_1_306' title='bbox 1067 2238 1356 2277; x_wconf 72' lang='lat' dir='ltr'>dicens.Maria</span> <span class='ocrx_word' id='word_1_307' title='bbox 1365 2235 1508 2274; x_wconf 82' lang='lat' dir='ltr'>Cathe-</span> 
     </span>
     <span class='ocr_line' id='line_1_37' title="bbox 162 2286 1505 2339; baseline -0.004 -10"><span class='ocrx_word' id='word_1_308' title='bbox 162 2293 249 2329; x_wconf 62' lang='grc' dir='ltr'>νίκα</span> <span class='ocrx_word' id='word_1_309' title='bbox 274 2298 417 2329; x_wconf 85' lang='lat' dir='ltr'>autem</span> <span class='ocrx_word' id='word_1_310' title='bbox 449 2290 674 2329; x_wconf 78' lang='lat' dir='ltr'>christi-anis</span> <span class='ocrx_word' id='word_1_311' title='bbox 711 2291 869 2339; x_wconf 83' lang='lat' dir='ltr'>semper</span> <span class='ocrx_word' id='word_1_312' title='bbox 897 2290 1077 2330; x_wconf 88' lang='lat' dir='ltr'>moribus</span> <span class='ocrx_word' id='word_1_313' title='bbox 1107 2289 1213 2329; x_wconf 85' lang='lat' dir='ltr'>vixit</span> <span class='ocrx_word' id='word_1_314' title='bbox 1236 2315 1249 2334; x_wconf 89' lang='lat'>‚</span> <span class='ocrx_word' id='word_1_315' title='bbox 1295 2290 1334 2329; x_wconf 70' lang='grc' dir='ltr'>ὃς</span> <span class='ocrx_word' id='word_1_316' title='bbox 1363 2287 1413 2325; x_wconf 91' lang='lat' dir='ltr'>ad</span> <span class='ocrx_word' id='word_1_317' title='bbox 1445 2286 1505 2325; x_wconf 85' lang='lat' dir='ltr'>sa-</span> 
     </span>
     <span class='ocr_line' id='line_1_38' title="bbox 170 2337 1504 2432; baseline -0.002 -52"><span class='ocrx_word' id='word_1_318' title='bbox 170 2350 480 2432; x_wconf 39' lang='lat' dir='ltr'>crapentorum</span> <span class='ocrx_word' id='word_1_319' title='bbox 513 2343 853 2382; x_wconf 85' lang='lat' dir='ltr'>communionem</span> <span class='ocrx_word' id='word_1_320' title='bbox 888 2343 1013 2393; x_wconf 87' lang='lat' dir='ltr'>usque</span> <span class='ocrx_word' id='word_1_321' title='bbox 1038 2343 1090 2382; x_wconf 88' lang='lat' dir='ltr'>ad</span> <span class='ocrx_word' id='word_1_322' title='bbox 1117 2353 1269 2380; x_wconf 87' lang='lat' dir='ltr'>annum</span> <span class='ocrx_word' id='word_1_323' title='bbox 1290 2352 1406 2388; x_wconf 83' lang='lat'><em>1757.</em></span> <span class='ocrx_word' id='word_1_324' title='bbox 1433 2337 1504 2377; x_wconf 85' lang='lat' dir='ltr'>ad-</span> 
     </span>
     <span class='ocr_line' id='line_1_39' title="bbox 170 2395 377 2434; baseline 0.014 -3"><span class='ocrx_word' id='word_1_325' title='bbox 170 2395 225 2432; x_wconf 87' lang='lat' dir='ltr'>mi</span> <span class='ocrx_word' id='word_1_326' title='bbox 260 2407 280 2432; x_wconf 90' lang='lat' dir='ltr'>a</span> <span class='ocrx_word' id='word_1_327' title='bbox 298 2396 351 2434; x_wconf 88' lang='lat' dir='ltr'>est</span> <span class='ocrx_word' id='word_1_328' title='bbox 367 2424 377 2434; x_wconf 86' lang='lat'><strong>.</strong></span> 
     </span>
    </p>

    <p class='ocr_par' dir='ltr' id='par_1_13' title="bbox 117 2439 1501 2755">
     <span class='ocr_line' id='line_1_40' title="bbox 117 2439 1500 2494; baseline -0.004 -10"><span class='ocrx_word' id='word_1_329' title='bbox 117 2443 478 2486; x_wconf 81' lang='lat' dir='ltr'>Eminentiffimus</span> <span class='ocrx_word' id='word_1_330' title='bbox 489 2445 624 2486; x_wconf 88' lang='lat' dir='ltr'>Abbas</span> <span class='ocrx_word' id='word_1_331' title='bbox 643 2443 1031 2485; x_wconf 84' lang='lat' dir='ltr'>Commendatarius</span> <span class='ocrx_word' id='word_1_332' title='bbox 1066 2447 1342 2494; x_wconf 84' lang='lat' dir='ltr'>interrogatus</span> <span class='ocrx_word' id='word_1_333' title='bbox 1359 2466 1373 2488; x_wconf 89' lang='lat'><strong>‚</strong></span> <span class='ocrx_word' id='word_1_334' title='bbox 1401 2439 1500 2480; x_wconf 55' lang='lat' dir='ltr'>facti</span> 
     </span>
     <span class='ocr_line' id='line_1_41' title="bbox 174 2494 1501 2550; baseline -0.003 -14"><span class='ocrx_word' id='word_1_335' title='bbox 174 2498 322 2536; x_wconf 86' lang='lat' dir='ltr'>seriem</span> <span class='ocrx_word' id='word_1_336' title='bbox 338 2500 563 2548; x_wconf 75' lang='lat' dir='ltr'>expositam</span> <span class='ocrx_word' id='word_1_337' title='bbox 581 2500 820 2548; x_wconf 85' lang='lat' dir='ltr'>comprobat</span> <span class='ocrx_word' id='word_1_338' title='bbox 834 2511 849 2538; x_wconf 88' lang='lat'>,·</span> <span class='ocrx_word' id='word_1_339' title='bbox 868 2506 994 2548; x_wconf 83' lang='lat' dir='ltr'>atque</span> <span class='ocrx_word' id='word_1_340' title='bbox 1013 2497 1054 2536; x_wconf 84' lang='lat' dir='ltr'>in</span> <span class='ocrx_word' id='word_1_341' title='bbox 1069 2510 1116 2538; x_wconf 87' lang='lat' dir='ltr'>ea</span> <span class='ocrx_word' id='word_1_342' title='bbox 1136 2495 1342 2536; x_wconf 85' lang='lat' dir='ltr'>sententia</span> <span class='ocrx_word' id='word_1_343' title='bbox 1358 2494 1501 2550; x_wconf 35' lang='lat' dir='ltr'>estgut</span> 
     </span>
     <span class='ocr_line' id='line_1_42' title="bbox 171 2549 1498 2596; baseline -0.002 -8"><span class='ocrx_word' id='word_1_344' title='bbox 171 2549 392 2596; x_wconf 71' lang='lat' dir='ltr'>baptismus</span> <span class='ocrx_word' id='word_1_345' title='bbox 422 2552 490 2590; x_wconf 92' lang='lat' dir='ltr'>sub</span> <span class='ocrx_word' id='word_1_346' title='bbox 508 2551 748 2592; x_wconf 88' lang='lat' dir='ltr'>conditione</span> <span class='ocrx_word' id='word_1_347' title='bbox 765 2550 804 2589; x_wconf 91' lang='lat' dir='ltr'>ei</span> <span class='ocrx_word' id='word_1_348' title='bbox 821 2549 1081 2589; x_wconf 78' lang='lat' dir='ltr'>conferatur.</span> <span class='ocrx_word' id='word_1_349' title='bbox 1115 2549 1304 2591; x_wconf 81' lang='lat' dir='ltr'>Poffibile</span> <span class='ocrx_word' id='word_1_350' title='bbox 1337 2554 1498 2586; x_wconf 84' lang='lat' dir='ltr'>etenim</span> 
     </span>
     <span class='ocr_line' id='line_1_43' title="bbox 172 2597 1497 2658; baseline -0.003 -18"><span class='ocrx_word' id='word_1_351' title='bbox 172 2612 253 2640; x_wconf 86' lang='lat' dir='ltr'>nou</span> <span class='ocrx_word' id='word_1_352' title='bbox 287 2600 364 2658; x_wconf 76' lang='lat' dir='ltr'>effe</span> <span class='ocrx_word' id='word_1_353' title='bbox 379 2602 557 2644; x_wconf 84' lang='lat' dir='ltr'>affirmat</span> <span class='ocrx_word' id='word_1_354' title='bbox 575 2629 588 2649; x_wconf 85' lang='lat'><strong>‚</strong></span> <span class='ocrx_word' id='word_1_355' title='bbox 618 2612 666 2644; x_wconf 88' lang='lat' dir='ltr'>ut</span> <span class='ocrx_word' id='word_1_356' title='bbox 691 2603 743 2644; x_wconf 90' lang='lat' dir='ltr'>de</span> <span class='ocrx_word' id='word_1_357' title='bbox 763 2603 922 2642; x_wconf 88' lang='lat' dir='ltr'>collato</span> <span class='ocrx_word' id='word_1_358' title='bbox 948 2610 1068 2641; x_wconf 86' lang='lat' dir='ltr'>antea</span> <span class='ocrx_word' id='word_1_359' title='bbox 1083 2602 1284 2651; x_wconf 84' lang='lat' dir='ltr'>baptismo</span> <span class='ocrx_word' id='word_1_360' title='bbox 1308 2597 1497 2650; x_wconf 86' lang='lat' dir='ltr'>probatio</span> 
     </span>
     <span class='ocr_line' id='line_1_44' title="bbox 170 2650 1496 2706; baseline -0.002 -15"><span class='ocrx_word' id='word_1_361' title='bbox 170 2652 311 2693; x_wconf 82' lang='lat' dir='ltr'>haberi</span> <span class='ocrx_word' id='word_1_362' title='bbox 328 2654 453 2701; x_wconf 82' lang='lat' dir='ltr'>poffet</span> <span class='ocrx_word' id='word_1_363' title='bbox 466 2686 475 2695; x_wconf 88' lang='lat'><strong>.</strong></span> <span class='ocrx_word' id='word_1_364' title='bbox 505 2657 629 2706; x_wconf 87' lang='lat' dir='ltr'>Juvat</span> <span class='ocrx_word' id='word_1_365' title='bbox 648 2658 689 2696; x_wconf 89' lang='lat' dir='ltr'>in</span> <span class='ocrx_word' id='word_1_366' title='bbox 703 2668 748 2695; x_wconf 90' lang='lat' dir='ltr'>re</span> <span class='ocrx_word' id='word_1_367' title='bbox 766 2655 926 2696; x_wconf 87' lang='lat' dir='ltr'>incerta</span> <span class='ocrx_word' id='word_1_368' title='bbox 944 2680 956 2700; x_wconf 90' lang='lat'>,</span> <span class='ocrx_word' id='word_1_369' title='bbox 989 2666 1036 2693; x_wconf 87' lang='lat' dir='ltr'>ac</span> <span class='ocrx_word' id='word_1_370' title='bbox 1051 2655 1223 2703; x_wconf 85' lang='lat' dir='ltr'>periculi</span> <span class='ocrx_word' id='word_1_371' title='bbox 1243 2654 1362 2704; x_wconf 82' lang='lat' dir='ltr'>plena</span> <span class='ocrx_word' id='word_1_372' title='bbox 1378 2675 1391 2695; x_wconf 87' lang='lat'>‚</span> <span class='ocrx_word' id='word_1_373' title='bbox 1411 2650 1496 2698; x_wconf 76' lang='lat' dir='ltr'>ipsa</span> 
     </span>
     <span class='ocr_line' id='line_1_45' title="bbox 169 2704 1495 2755; baseline -0.002 -11"><span class='ocrx_word' id='word_1_374' title='bbox 169 2705 291 2745; x_wconf 83' lang='lat' dir='ltr'>verba</span> <span class='ocrx_word' id='word_1_375' title='bbox 307 2729 320 2748; x_wconf 89' lang='lat'>,</span> <span class='ocrx_word' id='word_1_376' title='bbox 349 2718 431 2755; x_wconf 80' lang='lat' dir='ltr'>quae</span> <span class='ocrx_word' id='word_1_377' title='bbox 460 2709 583 2751; x_wconf 88' lang='lat' dir='ltr'>aliter</span> <span class='ocrx_word' id='word_1_378' title='bbox 598 2710 666 2750; x_wconf 88' lang='lat' dir='ltr'>sub</span> <span class='ocrx_word' id='word_1_379' title='bbox 681 2707 813 2751; x_wconf 86' lang='lat' dir='ltr'>oculis</span> <span class='ocrx_word' id='word_1_380' title='bbox 841 2720 922 2749; x_wconf 88' lang='lat' dir='ltr'>non</span> <span class='ocrx_word' id='word_1_381' title='bbox 935 2708 1182 2748; x_wconf 87' lang='lat' dir='ltr'>haberentur</span> <span class='ocrx_word' id='word_1_382' title='bbox 1197 2730 1211 2752; x_wconf 82' lang='lat'>‚</span> <span class='ocrx_word' id='word_1_383' title='bbox 1240 2704 1462 2747; x_wconf 87' lang='lat' dir='ltr'>exscribere</span> <span class='ocrx_word' id='word_1_384' title='bbox 1482 2712 1495 2742; x_wconf 88' lang='lat'><strong>:</strong></span> 
     </span>
    </p>

    <p class='ocr_par' dir='ltr' id='par_1_14' title="bbox 227 2753 1494 2804">
     <span class='ocr_line' id='line_1_46' title="bbox 227 2753 1494 2804; baseline 0.006 -7"><span class='ocrx_word' id='word_1_385' title='bbox 227 2758 324 2797; x_wconf 73' lang='lat' dir='ltr'>Tora.</span> <span class='ocrx_word' id='word_1_386' title='bbox 338 2760 527 2801; x_wconf 76' lang='lat' dir='ltr'><em>XXXIV.</em></span> <span class='ocrx_word' id='word_1_387' title='bbox 957 2759 989 2799; x_wconf 82' lang='lat' dir='ltr'>E</span> <span class='ocrx_word' id='word_1_388' title='bbox 1364 2753 1494 2804; x_wconf 68' lang='lat' dir='ltr'>Vespr&gt;-</span> 
     </span>
    </p>
   </div>
   <div class='ocr_carea' id='block_1_7' title="bbox 1555 823 1850 878">
    <p class='ocr_par' dir='ltr' id='par_1_15' title="bbox 1555 823 1850 878">
     <span class='ocr_line' id='line_1_47' title="bbox 1555 823 1850 878; baseline 0.007 -12"><span class='ocrx_word' id='word_1_389' title='bbox 1555 823 1697 878; x_wconf 52' lang='lat' dir='ltr'>&#39;sest-7·</span> <span class='ocrx_word' id='word_1_390' title='bbox 1725 827 1850 878; x_wconf 51' lang='lat' dir='ltr'>&amp;wip</span> 
     </span>
    </p>
   </div>
  </div>
 </body>
</html>
