1986 2996
650 154 715 186 31·
734 137 837 194 Majs'
867 138 981 184 1766.
1407 150 1477 177 121

151 197 336 251 ‘testatoris
352 195 582 237 volantum
596 196 686 233 hanc
703 197 872 244 exprimit
890 217 902 235 ‚
920 200 1074 241 utputa,
1095 191 1262 234 Primus,
1284 192 1326 236 (θ’
1337 192 1480 239 fratres

153 251 314 299 natifilii
328 263 424 300 eque
438 249 592 286 heredes
612 248 721 298 sunto
734 272 747 292 ‚
769 261 850 284 nam
875 247 946 283 haec
963 245 1113 298 adjecho
1137 242 1306 282 declarat
1321 271 1334 290 ‚
1364 257 1480 282 omnes

160 316 211 343 vx
221 303 392 343 virilibus
399 303 565 352 partibus
580 301 754 350 institutos
777 326 789 344 ,
808 310 849 337 ut
862 302 904 342 ξφ
919 301 1034 336 Labeo
1041 298 1198 348 scripfit,
1212 310 1280 349 qua
1296 299 1477 342 duratio,

150 355 333 406 semiffim
338 356 472 403 fratris
479 354 576 400 filii,
588 353 770 401 semisfi’m
785 354 932 390 Primus
951 352 1097 388 haberet
1107 379 1116 389 .

104 406 171 451 De
189 422 236 449 ea
251 421 293 448 re
310 434 322 453 ,
354 420 438 459 quae
469 404 659 445 latiffirna
686 404 827 450 injure
849 406 927 448 est,
954 405 991 442 Sc
1008 404 1217 452 perplures
1248 402 1478 450 quaestiones

162 473 370 511 nunquam
408 458 504 499 satis
555 456 820 496 declarandas
863 456 1051 495 continet
1087 481 1099 499 ‚
1147 455 1294 503 ubique
1336 461 1482 501 patent

166 515 449 562 theoricae,quas
466 511 559 550 hine
575 509 668 548 inde
682 510 878 555 permulti
898 509 1003 546 inter
1019 509 1057 547 se
1083 507 1356 556 digladiantes
1374 506 1483 545 acci-

161 566 349 616 piunt‚ac
368 564 519 604 sursum
538 561 725 600 deorsum
743 560 1168 600 trahunt.Videndum
1191 560 1254 598 hic
1273 572 1343 608 pro
1359 559 1481 604 bono,

160 620 202 659 &
224 630 338 668 aequo
365 614 463 667 quid
479 613 661 655 testatrix
680 612 892 652 voluerit?
924 625 1020 652 num
1052 613 1238 652 ecclesias
1259 613 1356 660 ipsas
1385 624 1482 660 pra:-

158 670 281 718 cipua
299 695 310 714 ‚
331 670 369 708 St
389 665 587 715 peculiari
603 665 758 713 pietate
775 663 1030 711 respexerit?
1059 664 1125 702 Ne
1140 665 1263 704 aliter
1287 665 1391 702 inter
1410 666 1480 701 has

159 720 421 762 diffenfiones
439 745 451 763 ,
484 726 607 767 atque
638 717 956 766 ambiguitates,
985 718 1067 761 jam
1098 729 1202 755 nune
1221 716 1394 758 secundo
1412 728 1484 754 an-

158 785 213 813 no
232 799 246 819 ,
280 785 325 812 ac
342 771 471 816 tertio
486 768 641 815 judicio
659 794 671 813 ‚
703 782 771 817 per
787 769 1023 814 dispendia,
1057 769 1400 809 &amaritudines
1430 767 1485 805 li-

159 826 272 866 tium
289 849 303 870 ‚
334 824 408 873 piae
430 820 617 861 mulieris
635 822 813 868 expiatio
840 821 1073 860 retardetur
1090 851 1099 859 .
1157 822 1381 861 Dubitatur

108 876 182 922 Ἁπ
198 901 213 923 ,
243 879 286 922 &⁶
301 877 469 926 quomodo
476 875 525 924 fit
541 873 823 921 distribuendum
850 874 1007 921 legatum
1038 873 1221 919 miffarum
1235 873 1485 911 manualium-0

219 943 240 967 a
255 930 392 966 Gratia
411 924 642 972 Theophilum
660 925 821 961 relici'ura
837 925 1000 972 Capitulo
1019 925 1166 974 ecclesia
1195 926 1414 974 collegiatae,
1443 926 1487 967 ὠ·

219 982 379 1031 quinque
394 977 578 1026 Religiosts
597 976 918 1016 Communicamus
943 977 1061 1017 Terra
1071 977 1314 1018 francavillae
1329 1001 1342 1022 ‚
1369 980 1406 1013 in
1423 989 1486 1014 ea-

125 1064 139 1080 1
204 1033 258 1082 su
290 1033 363 1076 &⁶-

132 1140 141 1169 1

191 1293 391 1337 UCANA
409 1325 418 1336 .
448 1297 670 1337 Curatores
701 1294 859 1337 fabricae
885 1297 1062 1338 ecclesiae
1087 1294 1330 1347 parochialis
1351 1294 1390 1330 S.
1414 1291 1489 1348 Pe·-

215 1354 265 1387 tri
286 1350 485 1399 castrinovi
514 1349 694 1389 dioecesis
715 1353 869 1388 Lucane
897 1358 1078 1390 exorant:
1115 1359 1161 1389 ut
1187 1349 1328 1388 favore
1366 1342 1490 1383 fabri-

163 1415 220 1441 cae
243 1400 519 1440 concedantur
538 1402 634 1451 scut.
656 1416 741 1440 100.
774 1427 783 1446 ,
813 1416 895 1453 qna:
928 1401 1032 1452 exigi
1049 1401 1198 1442 debent
1225 1412 1270 1440 ex
1290 1396 1487 1452 fruftibus

168 1452 443 1494 haereditariis
466 1453 796 1504 ‘Joannisssaptistae
812 1455 912 1503 Justi
942 1466 1012 1502 per
1040 1455 1325 1494 testamentum
1343 1449 1488 1488 multi-

170 1505 364 1556 plicandae
377 1505 831 1545 haereditatidestinatis
859 1530 872 1550 ‚
902 1515 947 1544 ut
965 1507 1172 1556 erigantur
1201 1513 1372 1556 quatuor
1384 1513 1487 1540 cano-

168 1562 341 1601 micatus,
372 1570 465 1596 cum
496 1558 744 1607 obligatione
775 1557 813 1597 in
829 1559 1001 1607 singulos
1029 1558 1242 1597 canonicos
1259 1557 1488 1594 sacrorum-e

176 1618 350 1660 quatuor
366 1609 545 1659 qualibet
566 1610 812 1648 hebdomada
828 1634 841 1652 ‚
871 1609 1039 1659 aliisque
1055 1609 1244 1649 oneribus
1258 1639 1267 1647 .

117 1661 308 1703 Similem
325 1660 617 1699 conceffionem
639 1662 675 1699 in
695 1661 863 1700 eandem
880 1662 1037 1701 causam
1061 1663 1259 1711 postulant
1277 1659 1372 1709 scut.
1395 1669 1484 1698 203.

164 1726 210 1753 ex
226 1712 419 1751 frutribus
439 1714 691 1752 haereditatis
708 1716 860 1752 Horatii
876 1716 1081 1752 Bertacchii
1098 1739 1110 1758 ‚
1142 1713 1208 1764 qui
1240 1720 1373 1750 totam
1400 1710 1488 1747 sub-

161 1764 347 1803 stantiam
381 1776 450 1814 pro
482 1765 685 1814 erigendis
715 1768 807 1804 οξὶο
836 1766 1042 1815 capellaniis
1073 1768 1314 1816 quotidianis,
1345 1774 1388 1801 ac
1411 1761 1483 1798 in)

163 1816 268 1856 alios
285 1816 370 1865 pios
391 1817 478 1855 usus
496 1817 649 1866 legavit
665 1847 674 1856 .
704 1817 917 1856 Consentit
945 1819 1179 1858 sodalitium
1196 1815 1490 1865 sanffliffimiSa·

166 1871 367 1912 cramenti‚
399 1868 702 1918 quodlegatum
720 1869 1112 1918 Justiadministrat,
1143 1881 1187 1908 ac
1225 1867 1487 1908 sodalitium-2

167 1924 214 1961 S.
227 1921 385 1959 Nicolai
402 1921 638 1959 Tolentinatis
654 1948 666 1965 ,
681 1922 785 1972 quod
807 1924 1009 1960 Bertacchii
1024 1925 1081 1961 11ae
1089 1935 1151 1962 res
1171 1923 1224 1961 est
1244 1953 1252 1960 ,

107 1974 172 2015 De
189 1973 324 2023 primo
343 1973 477 2021 legato
494 1972 682 2024 inquiunt
712 1973 816 2012 haud
844 1973 930 2013 fere
946 1975 1170 2023 possibilem
1202 1971 1279 2013 effe
1301 1972 1489 2010 canonica-

158 2036 263 2064 tuum
281 2024 558 2070 ereetioiiem,
590 2038 677 2075 quae
707 2026 809 2063 alias
843 2026 1002 2064 inutilis
1037 2038 1199 2076 quoque
1217 2022 1337 2064 esset.
1370 2021 1491 2058 Ideo-

159 2089 240 2129 que
262 2075 392 2115 totius
410 2077 638 2114 voluntatis
655 2077 1029 2114 commutationem
1047 2102 1059 2120 ‚
1092 2077 1117 2113 fi
1134 2083 1347 2124 peteretur
1364 2096 1376 2115 ‚
1393 2082 1491 2109 con-

158 2127 387 2169 cedendam
403 2152 414 2171 ,
445 2135 534 2165 tum
560 2139 606 2166 ex
635 2128 722 2171 jure
741 2126 955 2165 Pontificio
986 2131 1023 2163 in
1042 2136 1119 2176 cap.
1141 2140 1197 2164 nos
1214 2127 1358 2175 quidem
1377 2125 1420 2159 de
1439 2132 1490 2158 te-

148 2182 256 2232 stam.
281 2205 294 2225 ,
311 2180 474 2222 Garzjas
502 2181 547 2216 de
564 2179 826 2226 benefiparc.1.
846 2188 918 2226 cap.
941 2193 972 2217 1.
995 2191 1095 2217 mem,
1119 2183 1205 2216 108.
1223 2202 1237 2222 ‚
1269 2179 1389 2214 Sacra
1406 2176 1492 2212 Con-

155 2236 323 2282 gregatio
339 2235 376 2268 in
392 2231 528 2268 Montis
547 2230 725 2268 Politiam'
748 2244 808 2276 19.
828 2232 1049 2279 Septembris
1078 2243 1190 2278 1724.
1208 2255 1221 2274 ‚
1258 2231 1301 2273 [θ’
1322 2230 1364 2265 in
1378 2229 1491 2265 Man-

153 2294 266 2322 tuano
289 2298 346 2323 12.
364 2283 464 2337 Maji
484 2287 594 2327 1736.
612 2308 625 2326 ‚
655 2290 745 2320 tum
773 2282 892 2320 civili
922 2284 1011 2328 jure
1050 2284 1090 2320 in
1122 2283 1148 2320 l.
1167 2282 1325 2330 legatum
1354 2281 1431 2318 cod.
1447 2279 1492 2315 de

157 2337 360 2384 administra
391 2349 460 2374 rer.
502 2335 550 2371 ad
590 2337 696 2372 civit.
738 2337 871 2382 pertin.
903 2360 915 2377 ,
944 2335 967 2372 l.
990 2334 1153 2382 legatum
1184 2335 1333 2372 civitati
1345 2331 1390 2380 ff.
1411 2333 1493 2368 dm

155 2387 255 2435 usus.
276 2388 408 2436 legae.‚·
437 2386 548 2426 Hinc
578 2387 605 2426 fi
626 2385 877 2424 omnimodae
915 2386 1238 2425 commutationi
1267 2384 1352 2423 dari
1374 2383 1495 2422 debe-

154 2447 222 2477 ret
248 2438 384 2483 locus,
415 2439 517 2478 nihil
545 2438 666 2478 modo
696 2435 852 2476 referre
893 2461 906 2480 ‚
937 2438 1045 2488 quod
1077 2439 1122 2476 ab
1152 2436 1392 2477 haereditate
1410 2437 1494 2473 haec

155 2489 307 2538 exigua
325 2501 411 2536 pars
428 2490 579 2531 crediti
597 2490 841 2530 detrahatur
868 2488 917 2527 ad
942 2487 1208 2529 necessarium
1242 2500 1340 2538 opus
1360 2487 1499 2527 eccle-

159 2542 220 2580 fiae
238 2541 536 2587 perficiendum
552 2571 563 2582 .

105 2591 412 2649 Necessitatem
441 2603 582 2634 autem
615 2592 738 2643 eaepti
767 2595 847 2639 jam
878 2593 1016 2640 operis
1048 2593 1282 2643 perficiendi
1313 2592 1457 2640 probat
1479 2614 1496 2635 ‚

160 2645 271 2697 quod
294 2670 307 2689 ‚
337 2646 406 2684 mfi
424 2658 471 2685 ea
485 2645 652 2686 subsidia
684 2645 997 2694 suppeditentur
1015 2669 1028 2687 ‚
1060 2645 1259 2694 compleri
1292 2649 1467 2693 nequeat
1483 2671 1493 2679 .

162 2699 228 2739 Ac
250 2704 464 2746 propterea
495 2698 575 2740 alia
596 2698 695 2748 scut.
716 2711 802 2742 203.
829 2709 875 2738 ex
902 2697 1144 2738 haereditate
1162 2698 1371 2737 Bertacchii
1394 2694 1494 2734 faci-

233 2749 508 2791 Tom.XXXV.
950 2748 1014 2799 Q
1416 2746 1495 2783 lius

1531 1291 1623 1342 Seff.
1643 1301 1706 1334 25.
1737 1301 1811 1340 cap.
1831 1307 1866 1338 7.

1531 1347 1577 1384 de
1589 1345 1791 1392 Reformat.
