<?xml version="1.0" encoding="UTF-8"?>
<!DOCTYPE html PUBLIC "-//W3C//DTD XHTML 1.0 Transitional//EN"
    "http://www.w3.org/TR/xhtml1/DTD/xhtml1-transitional.dtd">
<html xmlns="http://www.w3.org/1999/xhtml" xml:lang="en" lang="en">
 <head>
  <title>
</title>
<meta http-equiv="Content-Type" content="text/html;charset=utf-8" />
  <meta name='ocr-system' content='tesseract 3.04.00' />
  <meta name='ocr-capabilities' content='ocr_page ocr_carea ocr_par ocr_line ocrx_word'/>
</head>
<body>
  <div class='ocr_page' id='page_1' title='image "./thesaurusresolut34cath_0211.png"; bbox 0 0 1981 2964; ppageno 0'>
   <div class='ocr_carea' id='block_1_1' title="bbox 94 139 1514 2679">
    <p class='ocr_par' dir='ltr' id='par_1_1' title="bbox 138 139 1450 504">
     <span class='ocr_line' id='line_1_1' title="bbox 565 139 1450 190; baseline -0.001 -11"><span class='ocrx_word' id='word_1_1' title='bbox 565 155 622 190; x_wconf 85' lang='lat'><em>14.</em></span> <span class='ocrx_word' id='word_1_2' title='bbox 642 140 850 179; x_wconf 78' lang='lat' dir='ltr'><em>Decembris</em></span> <span class='ocrx_word' id='word_1_3' title='bbox 872 139 945 186; x_wconf 78' lang='lat'><em>176</em></span> <span class='ocrx_word' id='word_1_4' title='bbox 949 147 983 183; x_wconf 85' lang='lat'><em>5.</em></span> <span class='ocrx_word' id='word_1_5' title='bbox 1377 158 1391 182; x_wconf 73' lang='grc' dir='ltr'><strong>ι</strong></span> <span class='ocrx_word' id='word_1_6' title='bbox 1398 156 1450 190; x_wconf 83' lang='lat'><em>93</em></span> 
     </span>
     <span class='ocr_line' id='line_1_2' title="bbox 145 190 1450 243; baseline 0.003 -13"><span class='ocrx_word' id='word_1_7' title='bbox 145 195 245 230; x_wconf 67' lang='lat' dir='ltr'><em>modo</em></span> <span class='ocrx_word' id='word_1_8' title='bbox 253 191 422 240; x_wconf 79' lang='lat' dir='ltr'><em>sacerdos</em></span> <span class='ocrx_word' id='word_1_9' title='bbox 439 192 617 231; x_wconf 80' lang='lat' dir='ltr'><em>celebrans</em></span> <span class='ocrx_word' id='word_1_10' title='bbox 632 203 797 231; x_wconf 82' lang='lat' dir='ltr'><em>teneatur</em></span> <span class='ocrx_word' id='word_1_11' title='bbox 812 193 882 240; x_wconf 92' lang='lat' dir='ltr'><em>sub</em></span> <span class='ocrx_word' id='word_1_12' title='bbox 891 202 992 242; x_wconf 84' lang='lat' dir='ltr'><em>poena</em></span> <span class='ocrx_word' id='word_1_13' title='bbox 1007 190 1238 240; x_wconf 77' lang='lat' dir='ltr'><em>suspensionis</em></span> <span class='ocrx_word' id='word_1_14' title='bbox 1260 194 1333 243; x_wconf 86' lang='lat' dir='ltr'><em>ipso</em></span> <span class='ocrx_word' id='word_1_15' title='bbox 1350 197 1450 242; x_wconf 68' lang='lat' dir='ltr'><em>fufio</em></span> 
     </span>
     <span class='ocr_line' id='line_1_3' title="bbox 141 242 1448 294; baseline 0.003 -12"><span class='ocrx_word' id='word_1_16' title='bbox 141 246 359 282; x_wconf 54' lang='lat' dir='ltr'><em>incurrentia</em></span> <span class='ocrx_word' id='word_1_17' title='bbox 388 270 400 284; x_wconf 75' lang='grc'>,</span> <span class='ocrx_word' id='word_1_18' title='bbox 431 246 608 283; x_wconf 85' lang='lat' dir='ltr'><em>celebrare</em></span> <span class='ocrx_word' id='word_1_19' title='bbox 633 245 771 292; x_wconf 79' lang='lat' dir='ltr'><em>miffam</em></span> <span class='ocrx_word' id='word_1_20' title='bbox 798 246 881 281; x_wconf 89' lang='lat' dir='ltr'><em>hora</em></span> <span class='ocrx_word' id='word_1_21' title='bbox 904 269 917 287; x_wconf 92' lang='lat'>‚</span> <span class='ocrx_word' id='word_1_22' title='bbox 947 257 1016 293; x_wconf 80' lang='lat' dir='ltr'><em>qua</em></span> <span class='ocrx_word' id='word_1_23' title='bbox 1030 242 1217 282; x_wconf 32' lang='lat' dir='ltr'><em>*maluerit</em></span> <span class='ocrx_word' id='word_1_24' title='bbox 1242 249 1417 294; x_wconf 78' lang='lat' dir='ltr'><em>parochus</em></span> <span class='ocrx_word' id='word_1_25' title='bbox 1433 275 1448 294; x_wconf 87' lang='lat'>‚</span> 
     </span>
     <span class='ocr_line' id='line_1_4' title="bbox 149 295 1450 352; baseline -0.002 -18"><span class='ocrx_word' id='word_1_26' title='bbox 149 300 193 342; x_wconf 62' lang='grc' dir='ltr'><em>ὁ·</em></span> <span class='ocrx_word' id='word_1_27' title='bbox 198 295 315 349; x_wconf 80' lang='lat' dir='ltr'><em>juxta</em></span> <span class='ocrx_word' id='word_1_28' title='bbox 328 295 435 350; x_wconf 73' lang='lat' dir='ltr'><em>hujux</em></span> <span class='ocrx_word' id='word_1_29' title='bbox 446 300 654 335; x_wconf 76' lang='lat' dir='ltr'><em>mandatum</em></span> <span class='ocrx_word' id='word_1_30' title='bbox 667 298 868 334; x_wconf 86' lang='lat' dir='ltr'><em>rudimenta</em></span> <span class='ocrx_word' id='word_1_31' title='bbox 873 297 969 342; x_wconf 82' lang='lat' dir='ltr'><em>fidei</em></span> <span class='ocrx_word' id='word_1_32' title='bbox 982 295 1160 345; x_wconf 82' lang='lat' dir='ltr'><em>explicare</em></span> <span class='ocrx_word' id='word_1_33' title='bbox 1179 297 1292 347; x_wconf 83' lang='lat' dir='ltr'><em>‚festa</em></span> <span class='ocrx_word' id='word_1_34' title='bbox 1305 325 1318 343; x_wconf 88' lang='lat'>‚</span> <span class='ocrx_word' id='word_1_35' title='bbox 1340 297 1450 352; x_wconf 73' lang='lat' dir='ltr'><em>jeju-</em></span> 
     </span>
     <span class='ocr_line' id='line_1_5' title="bbox 147 350 1447 401; baseline 0.003 -15"><span class='ocrx_word' id='word_1_36' title='bbox 147 353 208 386; x_wconf 82' lang='lat' dir='ltr'><em>nia</em></span> <span class='ocrx_word' id='word_1_37' title='bbox 226 374 237 393; x_wconf 89' lang='lat'>,</span> <span class='ocrx_word' id='word_1_38' title='bbox 265 350 379 386; x_wconf 54' lang='lat' dir='ltr'><em>edicta</em></span> <span class='ocrx_word' id='word_1_39' title='bbox 396 375 406 393; x_wconf 90' lang='lat'>,</span> <span class='ocrx_word' id='word_1_40' title='bbox 423 350 645 400; x_wconf 82' lang='lat' dir='ltr'><em>reliquasque</em></span> <span class='ocrx_word' id='word_1_41' title='bbox 659 363 774 386; x_wconf 87' lang='lat' dir='ltr'><em>omnes</em></span> <span class='ocrx_word' id='word_1_42' title='bbox 790 350 1033 386; x_wconf 87' lang='lat' dir='ltr'><em>intimationes</em></span> <span class='ocrx_word' id='word_1_43' title='bbox 1052 373 1065 392; x_wconf 91' lang='lat'>,</span> <span class='ocrx_word' id='word_1_44' title='bbox 1081 361 1165 397; x_wconf 85' lang='lat' dir='ltr'><em>quas</em></span> <span class='ocrx_word' id='word_1_45' title='bbox 1177 352 1350 397; x_wconf 86' lang='lat' dir='ltr'><em>parochus</em></span> <span class='ocrx_word' id='word_1_46' title='bbox 1356 362 1447 401; x_wconf 80' lang='lat' dir='ltr'><em>prae-</em></span> 
     </span>
     <span class='ocr_line' id='line_1_6' title="bbox 138 401 1448 451; baseline 0.002 -14"><span class='ocrx_word' id='word_1_47' title='bbox 138 401 329 449; x_wconf 64' lang='lat' dir='ltr'><em>stripserit</em></span> <span class='ocrx_word' id='word_1_48' title='bbox 340 425 352 445; x_wconf 93' lang='lat'>‚</span> <span class='ocrx_word' id='word_1_49' title='bbox 377 402 565 451; x_wconf 80' lang='lat' dir='ltr'><em>publicare</em></span> <span class='ocrx_word' id='word_1_50' title='bbox 576 425 588 444; x_wconf 90' lang='lat'>‚</span> <span class='ocrx_word' id='word_1_51' title='bbox 617 404 660 445; x_wconf 70' lang='grc' dir='ltr'><em>ὠ·</em></span> <span class='ocrx_word' id='word_1_52' title='bbox 672 405 709 438; x_wconf 85' lang='lat' dir='ltr'><em>in</em></span> <span class='ocrx_word' id='word_1_53' title='bbox 723 401 836 438; x_wconf 82' lang='lat' dir='ltr'><em>nihilo</em></span> <span class='ocrx_word' id='word_1_54' title='bbox 853 427 865 446; x_wconf 93' lang='lat'>,</span> <span class='ocrx_word' id='word_1_55' title='bbox 883 413 996 450; x_wconf 86' lang='lat' dir='ltr'><em>neque</em></span> <span class='ocrx_word' id='word_1_56' title='bbox 1008 402 1123 450; x_wconf 82' lang='lat' dir='ltr'><em>quoad</em></span> <span class='ocrx_word' id='word_1_57' title='bbox 1128 402 1345 450; x_wconf 78' lang='lat' dir='ltr'><em>spiritualia</em></span> <span class='ocrx_word' id='word_1_58' title='bbox 1360 430 1372 448; x_wconf 94' lang='lat'>‚</span> <span class='ocrx_word' id='word_1_59' title='bbox 1390 419 1448 443; x_wconf 77' lang='lat' dir='ltr'><em>ne·-</em></span> 
     </span>
     <span class='ocr_line' id='line_1_7' title="bbox 147 450 1392 504; baseline 0.002 -15"><span class='ocrx_word' id='word_1_60' title='bbox 147 466 214 502; x_wconf 85' lang='lat' dir='ltr'><em>que</em></span> <span class='ocrx_word' id='word_1_61' title='bbox 227 454 342 501; x_wconf 83' lang='lat' dir='ltr'><em>quoad</em></span> <span class='ocrx_word' id='word_1_62' title='bbox 356 454 564 502; x_wconf 78' lang='lat' dir='ltr'><em>temporalia</em></span> <span class='ocrx_word' id='word_1_63' title='bbox 579 454 688 491; x_wconf 87' lang='lat' dir='ltr'><em>liceat</em></span> <span class='ocrx_word' id='word_1_64' title='bbox 703 455 899 490; x_wconf 82' lang='lat' dir='ltr'><em>oratoribus</em></span> <span class='ocrx_word' id='word_1_65' title='bbox 906 450 998 504; x_wconf 88' lang='lat' dir='ltr'><em>jura</em></span> <span class='ocrx_word' id='word_1_66' title='bbox 1015 453 1236 502; x_wconf 81' lang='lat' dir='ltr'><em>parochialia</em></span> <span class='ocrx_word' id='word_1_67' title='bbox 1249 453 1392 496; x_wconf 80' lang='lat' dir='ltr'><em>laedere,</em></span> 
     </span>
    </p>

    <p class='ocr_par' dir='ltr' id='par_1_2' title="bbox 97 503 1512 1127">
     <span class='ocr_line' id='line_1_8' title="bbox 97 503 1456 559; baseline 0.003 -17"><span class='ocrx_word' id='word_1_68' title='bbox 97 505 194 545; x_wconf 86' lang='lat' dir='ltr'><em>Non</em></span> <span class='ocrx_word' id='word_1_69' title='bbox 212 503 304 542; x_wconf 89' lang='lat' dir='ltr'><em>inde</em></span> <span class='ocrx_word' id='word_1_70' title='bbox 333 513 473 542; x_wconf 83' lang='lat' dir='ltr'><strong>autem</strong></span> <span class='ocrx_word' id='word_1_71' title='bbox 504 505 822 545; x_wconf 78' lang='lat' dir='ltr'><em>altercationum</em></span> <span class='ocrx_word' id='word_1_72' title='bbox 854 504 1007 543; x_wconf 84' lang='lat' dir='ltr'><em>radices</em></span> <span class='ocrx_word' id='word_1_73' title='bbox 1035 505 1179 544; x_wconf 79' lang='lat' dir='ltr'><strong>evulsae</strong></span> <span class='ocrx_word' id='word_1_74' title='bbox 1207 505 1298 544; x_wconf 91' lang='lat' dir='ltr'><strong>sunt</strong></span> <span class='ocrx_word' id='word_1_75' title='bbox 1328 530 1340 550; x_wconf 86' lang='lat'>‚</span> <span class='ocrx_word' id='word_1_76' title='bbox 1370 521 1456 559; x_wconf 71' lang='lat' dir='ltr'><em>quae</em></span> 
     </span>
     <span class='ocr_line' id='line_1_9' title="bbox 148 555 1453 605; baseline 0.003 -11"><span class='ocrx_word' id='word_1_77' title='bbox 148 563 285 594; x_wconf 85' lang='lat' dir='ltr'><em>tamen</em></span> <span class='ocrx_word' id='word_1_78' title='bbox 316 557 560 595; x_wconf 65' lang='lat' dir='ltr'><em>auc‘ioritate</em></span> <span class='ocrx_word' id='word_1_79' title='bbox 592 557 788 604; x_wconf 81' lang='lat' dir='ltr'><em>Principis</em></span> <span class='ocrx_word' id='word_1_80' title='bbox 821 558 865 592; x_wconf 86' lang='lat' dir='ltr'><em>ab</em></span> <span class='ocrx_word' id='word_1_81' title='bbox 888 555 1020 593; x_wconf 74' lang='lat' dir='ltr'><em>Auria</em></span> <span class='ocrx_word' id='word_1_82' title='bbox 1053 557 1238 595; x_wconf 83' lang='lat' dir='ltr'><em>locorum</em></span> <span class='ocrx_word' id='word_1_83' title='bbox 1268 558 1453 605; x_wconf 81' lang='lat' dir='ltr'><em>domini,</em></span> 
     </span>
     <span class='ocr_line' id='line_1_10' title="bbox 146 607 1458 658; baseline 0.004 -12"><span class='ocrx_word' id='word_1_84' title='bbox 146 608 358 657; x_wconf 78' lang='lat' dir='ltr'><em>propositis</em></span> <span class='ocrx_word' id='word_1_85' title='bbox 378 608 535 657; x_wconf 86' lang='lat' dir='ltr'><em>aliquot</em></span> <span class='ocrx_word' id='word_1_86' title='bbox 550 607 866 650; x_wconf 84' lang='lat' dir='ltr'><em>conditionibus,</em></span> <span class='ocrx_word' id='word_1_87' title='bbox 880 617 1092 656; x_wconf 82' lang='lat' dir='ltr'><em>parumper</em></span> <span class='ocrx_word' id='word_1_88' title='bbox 1109 609 1289 656; x_wconf 84' lang='lat' dir='ltr'><em>proxime</em></span> <span class='ocrx_word' id='word_1_89' title='bbox 1312 620 1458 658; x_wconf 80' lang='lat' dir='ltr'><em>praete-</em></span> 
     </span>
     <span class='ocr_line' id='line_1_11' title="bbox 150 656 1457 709; baseline 0.004 -11"><span class='ocrx_word' id='word_1_90' title='bbox 150 660 239 698; x_wconf 85' lang='lat' dir='ltr'><em>ritis</em></span> <span class='ocrx_word' id='word_1_91' title='bbox 271 660 384 698; x_wconf 83' lang='lat' dir='ltr'><em>anuis</em></span> <span class='ocrx_word' id='word_1_92' title='bbox 418 658 705 709; x_wconf 82' lang='lat' dir='ltr'><em>conquiescere</em></span> <span class='ocrx_word' id='word_1_93' title='bbox 735 658 824 696; x_wconf 78' lang='lat' dir='ltr'><em>visae</em></span> <span class='ocrx_word' id='word_1_94' title='bbox 854 656 1017 696; x_wconf 80' lang='lat' dir='ltr'><em>fuerant</em></span> <span class='ocrx_word' id='word_1_95' title='bbox 1049 687 1058 697; x_wconf 89' lang='lat'>.</span> <span class='ocrx_word' id='word_1_96' title='bbox 1103 659 1380 708; x_wconf 82' lang='lat' dir='ltr'><em>Qamobrem</em></span> <span class='ocrx_word' id='word_1_97' title='bbox 1406 663 1457 702; x_wconf 86' lang='lat' dir='ltr'><em>ad</em></span> 
     </span>
     <span class='ocr_line' id='line_1_12' title="bbox 149 709 1512 762; baseline 0.003 -12"><span class='ocrx_word' id='word_1_98' title='bbox 149 711 416 751; x_wconf 80' lang='lat' dir='ltr'><em>coercendam</em></span> <span class='ocrx_word' id='word_1_99' title='bbox 432 710 598 749; x_wconf 81' lang='lat' dir='ltr'><em>illorum</em></span> <span class='ocrx_word' id='word_1_100' title='bbox 616 709 826 748; x_wconf 87' lang='lat' dir='ltr'><em>hominum</em></span> <span class='ocrx_word' id='word_1_101' title='bbox 841 709 1072 756; x_wconf 84' lang='lat' dir='ltr'><em>licentiam,</em></span> <span class='ocrx_word' id='word_1_102' title='bbox 1089 724 1210 762; x_wconf 85' lang='lat' dir='ltr'><em>quam</em></span> <span class='ocrx_word' id='word_1_103' title='bbox 1227 712 1266 751; x_wconf 90' lang='lat' dir='ltr'><em>in</em></span> <span class='ocrx_word' id='word_1_104' title='bbox 1283 713 1367 754; x_wconf 90' lang='lat' dir='ltr'><em>dies</em></span> <span class='ocrx_word' id='word_1_105' title='bbox 1384 727 1458 754; x_wconf 87' lang='lat' dir='ltr'><em>au·</em></span> <span class='ocrx_word' id='word_1_106' title='bbox 1510 720 1512 724; x_wconf 80' lang='grc'>’</span> 
     </span>
     <span class='ocr_line' id='line_1_13' title="bbox 147 761 1456 813; baseline 0.004 -11"><span class='ocrx_word' id='word_1_107' title='bbox 147 763 234 813; x_wconf 82' lang='lat' dir='ltr'><em>geri</em></span> <span class='ocrx_word' id='word_1_108' title='bbox 254 762 444 800; x_wconf 85' lang='lat' dir='ltr'><em>dicebant</em></span> <span class='ocrx_word' id='word_1_109' title='bbox 471 762 789 800; x_wconf 82' lang='lat' dir='ltr'><strong>communitates</strong></span> <span class='ocrx_word' id='word_1_110' title='bbox 803 761 914 810; x_wconf 82' lang='lat' dir='ltr'><em>Alpis</em></span> <span class='ocrx_word' id='word_1_111' title='bbox 924 761 1058 811; x_wconf 82' lang='lat' dir='ltr'><em>planae,</em></span> <span class='ocrx_word' id='word_1_112' title='bbox 1077 765 1114 803; x_wconf 72' lang='grc' dir='ltr'><em>ὃς</em></span> <span class='ocrx_word' id='word_1_113' title='bbox 1132 765 1223 801; x_wconf 81' lang='lat' dir='ltr'><em>Vici</em></span> <span class='ocrx_word' id='word_1_114' title='bbox 1236 768 1361 812; x_wconf 81' lang='lat' dir='ltr'><em>medii,</em></span> <span class='ocrx_word' id='word_1_115' title='bbox 1377 764 1456 806; x_wconf 74' lang='lat' dir='ltr'><em>su&#39;is</em></span> 
     </span>
     <span class='ocr_line' id='line_1_14' title="bbox 149 812 1456 869; baseline 0.005 -18"><span class='ocrx_word' id='word_1_116' title='bbox 149 814 394 865; x_wconf 86' lang='lat' dir='ltr'><em>perturbatis</em></span> <span class='ocrx_word' id='word_1_117' title='bbox 412 813 526 851; x_wconf 89' lang='lat' dir='ltr'><strong>rebus</strong></span> <span class='ocrx_word' id='word_1_118' title='bbox 555 826 577 851; x_wconf 85' lang='lat' dir='ltr'>a</span> <span class='ocrx_word' id='word_1_119' title='bbox 608 813 727 852; x_wconf 79' lang='lat' dir='ltr'><em>Sacra</em></span> <span class='ocrx_word' id='word_1_120' title='bbox 742 812 1072 862; x_wconf 79' lang='lat' dir='ltr'><em>congregatione</em></span> <span class='ocrx_word' id='word_1_121' title='bbox 1104 816 1302 855; x_wconf 82' lang='lat' dir='ltr'><em>auxilium</em></span> <span class='ocrx_word' id='word_1_122' title='bbox 1322 820 1456 869; x_wconf 80' lang='lat' dir='ltr'><strong>quaefi·</strong></span> 
     </span>
     <span class='ocr_line' id='line_1_15' title="bbox 147 864 1459 919; baseline 0.003 -14"><span class='ocrx_word' id='word_1_123' title='bbox 147 874 317 905; x_wconf 86' lang='lat' dir='ltr'><em>verunt.</em></span> <span class='ocrx_word' id='word_1_124' title='bbox 347 864 505 903; x_wconf 87' lang='lat' dir='ltr'><em>Audito</em></span> <span class='ocrx_word' id='word_1_125' title='bbox 527 864 721 914; x_wconf 81' lang='lat' dir='ltr'><strong>Episcopo</strong></span> <span class='ocrx_word' id='word_1_126' title='bbox 739 865 979 914; x_wconf 80' lang='lat' dir='ltr'><em>rescriptum</em></span> <span class='ocrx_word' id='word_1_127' title='bbox 998 868 1050 905; x_wconf 93' lang='lat' dir='ltr'><strong>est</strong></span> <span class='ocrx_word' id='word_1_128' title='bbox 1080 867 1118 905; x_wconf 92' lang='lat' dir='ltr'><em>ei</em></span> <span class='ocrx_word' id='word_1_129' title='bbox 1148 869 1208 905; x_wconf 84' lang='lat' dir='ltr'><em>die</em></span> <span class='ocrx_word' id='word_1_130' title='bbox 1229 881 1288 907; x_wconf 89' lang='lat'><em>20.</em></span> <span class='ocrx_word' id='word_1_131' title='bbox 1310 871 1459 919; x_wconf 77' lang='lat' dir='ltr'><em>Janua-</em></span> 
     </span>
     <span class='ocr_line' id='line_1_16' title="bbox 147 917 1456 970; baseline 0.005 -16"><span class='ocrx_word' id='word_1_132' title='bbox 147 922 195 957; x_wconf 72' lang='lat' dir='ltr'><em>rii</em></span> <span class='ocrx_word' id='word_1_133' title='bbox 212 928 322 962; x_wconf 88' lang='lat'><em>1759.</em></span> <span class='ocrx_word' id='word_1_134' title='bbox 342 942 355 961; x_wconf 91' lang='lat'>,</span> <span class='ocrx_word' id='word_1_135' title='bbox 386 925 429 955; x_wconf 86' lang='lat' dir='ltr'><em>ut</em></span> <span class='ocrx_word' id='word_1_136' title='bbox 444 917 657 954; x_wconf 68' lang='lat' dir='ltr'><em>aufi&#39;oritate</em></span> <span class='ocrx_word' id='word_1_137' title='bbox 671 921 780 954; x_wconf 89' lang='lat' dir='ltr'><em>etiam</em></span> <span class='ocrx_word' id='word_1_138' title='bbox 794 920 914 956; x_wconf 78' lang='lat' dir='ltr'><em>Sacrae</em></span> <span class='ocrx_word' id='word_1_139' title='bbox 933 920 961 956; x_wconf 89' lang='lat' dir='ltr'><em>C</em></span> <span class='ocrx_word' id='word_1_140' title='bbox 963 920 1218 966; x_wconf 83' lang='lat' dir='ltr'><em>ongregationis</em></span> <span class='ocrx_word' id='word_1_141' title='bbox 1236 921 1350 970; x_wconf 85' lang='lat' dir='ltr'><em>super</em></span> <span class='ocrx_word' id='word_1_142' title='bbox 1379 937 1456 960; x_wconf 90' lang='lat' dir='ltr'><em>con-</em></span> 
     </span>
     <span class='ocr_line' id='line_1_17' title="bbox 146 969 1462 1022; baseline 0.002 -15"><span class='ocrx_word' id='word_1_143' title='bbox 146 969 326 1014; x_wconf 76' lang='lat' dir='ltr'><em>troverfiis</em></span> <span class='ocrx_word' id='word_1_144' title='bbox 344 994 356 1014; x_wconf 90' lang='lat'>‚</span> <span class='ocrx_word' id='word_1_145' title='bbox 388 983 430 1006; x_wconf 87' lang='lat' dir='ltr'><em>ac</em></span> <span class='ocrx_word' id='word_1_146' title='bbox 438 969 725 1017; x_wconf 83' lang='lat' dir='ltr'><em>praetenfionibus</em></span> <span class='ocrx_word' id='word_1_147' title='bbox 739 993 752 1012; x_wconf 94' lang='lat'>‚</span> <span class='ocrx_word' id='word_1_148' title='bbox 777 970 822 1005; x_wconf 85' lang='lat' dir='ltr'><em>de</em></span> <span class='ocrx_word' id='word_1_149' title='bbox 836 971 960 1017; x_wconf 84' lang='lat' dir='ltr'><em>quibus</em></span> <span class='ocrx_word' id='word_1_150' title='bbox 975 973 1096 1018; x_wconf 85' lang='lat' dir='ltr'><em>agitur</em></span> <span class='ocrx_word' id='word_1_151' title='bbox 1110 993 1122 1012; x_wconf 88' lang='lat'><strong>‚</strong></span> <span class='ocrx_word' id='word_1_152' title='bbox 1132 970 1272 1018; x_wconf 85' lang='lat' dir='ltr'><em>statuat</em></span> <span class='ocrx_word' id='word_1_153' title='bbox 1286 997 1298 1016; x_wconf 91' lang='lat'>,</span> <span class='ocrx_word' id='word_1_154' title='bbox 1317 984 1462 1022; x_wconf 41' lang='lat' dir='ltr'><em>atqu&amp;</em></span> 
     </span>
     <span class='ocr_line' id='line_1_18' title="bbox 148 1020 1457 1074; baseline 0.004 -15"><span class='ocrx_word' id='word_1_155' title='bbox 148 1024 320 1059; x_wconf 85' lang='lat' dir='ltr'><em>decernat</em></span> <span class='ocrx_word' id='word_1_156' title='bbox 348 1022 526 1070; x_wconf 81' lang='lat' dir='ltr'><em>quidquid</em></span> <span class='ocrx_word' id='word_1_157' title='bbox 542 1020 642 1072; x_wconf 85' lang='lat' dir='ltr'><em>juris</em></span> <span class='ocrx_word' id='word_1_158' title='bbox 657 1021 889 1074; x_wconf 70' lang='lat' dir='ltr'><em>ficeritjuxta</em></span> <span class='ocrx_word' id='word_1_159' title='bbox 897 1025 1012 1070; x_wconf 87' lang='lat' dir='ltr'><em>petita</em></span> <span class='ocrx_word' id='word_1_160' title='bbox 1028 1048 1040 1066; x_wconf 88' lang='lat'>,</span> <span class='ocrx_word' id='word_1_161' title='bbox 1079 1024 1119 1064; x_wconf 64' lang='grc' dir='ltr'><em>ἴς·</em></span> <span class='ocrx_word' id='word_1_162' title='bbox 1128 1031 1254 1070; x_wconf 90' lang='lat' dir='ltr'><em>parere</em></span> <span class='ocrx_word' id='word_1_163' title='bbox 1272 1037 1457 1064; x_wconf 84' lang='lat' dir='ltr'><em>renuentes</em></span> 
     </span>
     <span class='ocr_line' id='line_1_19' title="bbox 142 1072 1244 1127; baseline 0.001 -16"><span class='ocrx_word' id='word_1_164' title='bbox 142 1072 241 1127; x_wconf 83' lang='lat' dir='ltr'><em>juris</em></span> <span class='ocrx_word' id='word_1_165' title='bbox 255 1075 424 1109; x_wconf 81' lang='lat' dir='ltr'><strong>remediis</strong></span> <span class='ocrx_word' id='word_1_166' title='bbox 439 1074 488 1110; x_wconf 86' lang='lat' dir='ltr'><em>aa&#39;</em></span> <span class='ocrx_word' id='word_1_167' title='bbox 497 1074 760 1121; x_wconf 74' lang='lat' dir='ltr'><em>observantiam</em></span> <span class='ocrx_word' id='word_1_168' title='bbox 774 1084 889 1121; x_wconf 84' lang='lat' dir='ltr'><em>cogat,</em></span> <span class='ocrx_word' id='word_1_169' title='bbox 905 1083 1011 1123; x_wconf 85' lang='lat' dir='ltr'><em>atque</em></span> <span class='ocrx_word' id='word_1_170' title='bbox 1031 1074 1217 1122; x_wconf 82' lang='lat' dir='ltr'><em>compellat</em></span> <span class='ocrx_word' id='word_1_171' title='bbox 1234 1105 1244 1116; x_wconf 85' lang='lat'><strong>.</strong></span> 
     </span>
    </p>

    <p class='ocr_par' dir='ltr' id='par_1_3' title="bbox 94 1123 1514 1329">
     <span class='ocr_line' id='line_1_20' title="bbox 94 1123 1457 1178; baseline 0.002 -13"><span class='ocrx_word' id='word_1_172' title='bbox 94 1126 327 1175; x_wconf 81' lang='lat' dir='ltr'><em>Negocium</em></span> <span class='ocrx_word' id='word_1_173' title='bbox 339 1123 453 1164; x_wconf 87' lang='lat' dir='ltr'><em>dedit</em></span> <span class='ocrx_word' id='word_1_174' title='bbox 479 1124 695 1173; x_wconf 84' lang='lat' dir='ltr'><strong>Episcopus</strong></span> <span class='ocrx_word' id='word_1_175' title='bbox 713 1125 780 1164; x_wconf 86' lang='lat' dir='ltr'><em>suo</em></span> <span class='ocrx_word' id='word_1_176' title='bbox 801 1125 970 1166; x_wconf 79' lang='lat' dir='ltr'><em>Vicario</em></span> <span class='ocrx_word' id='word_1_177' title='bbox 987 1150 1000 1170; x_wconf 92' lang='lat'>‚</span> <span class='ocrx_word' id='word_1_178' title='bbox 1033 1126 1101 1176; x_wconf 87' lang='lat' dir='ltr'><em>qui</em></span> <span class='ocrx_word' id='word_1_179' title='bbox 1117 1128 1249 1168; x_wconf 76' lang='lat' dir='ltr'><em>multa</em></span> <span class='ocrx_word' id='word_1_180' title='bbox 1278 1129 1457 1178; x_wconf 74' lang='lat' dir='ltr'><em>compie-</em></span> 
     </span>
     <span class='ocr_line' id='line_1_21' title="bbox 153 1176 1464 1224; baseline -0.003 -8"><span class='ocrx_word' id='word_1_181' title='bbox 153 1179 263 1216; x_wconf 65' lang='lat' dir='ltr'><strong>&amp;ens</strong></span> <span class='ocrx_word' id='word_1_182' title='bbox 280 1176 416 1224; x_wconf 80' lang='lat' dir='ltr'><em>capita</em></span> <span class='ocrx_word' id='word_1_183' title='bbox 435 1177 648 1215; x_wconf 86' lang='lat' dir='ltr'><em>decretum</em></span> <span class='ocrx_word' id='word_1_184' title='bbox 667 1177 791 1215; x_wconf 81' lang='lat' dir='ltr'><em>tulit:</em></span> <span class='ocrx_word' id='word_1_185' title='bbox 1462 1210 1464 1212; x_wconf 77' lang='grc'>,</span> 
     </span>
     <span class='ocr_line' id='line_1_22' title="bbox 154 1227 1458 1282; baseline 0.003 -16"><span class='ocrx_word' id='word_1_186' title='bbox 154 1249 158 1251; x_wconf 60' lang='lat'>&gt;</span> <span class='ocrx_word' id='word_1_187' title='bbox 202 1229 232 1267; x_wconf 92' lang='lat' dir='ltr'><em>I.</em></span> <span class='ocrx_word' id='word_1_188' title='bbox 290 1228 399 1278; x_wconf 78' lang='lat' dir='ltr'><em>Qd</em></span> <span class='ocrx_word' id='word_1_189' title='bbox 413 1230 623 1265; x_wconf 83' lang='lat' dir='ltr'><em>Oratorium</em></span> <span class='ocrx_word' id='word_1_190' title='bbox 648 1231 689 1266; x_wconf 88' lang='lat' dir='ltr'><em>S.</em></span> <span class='ocrx_word' id='word_1_191' title='bbox 708 1227 840 1277; x_wconf 73' lang='lat' dir='ltr'><em>Joseph</em></span> <span class='ocrx_word' id='word_1_192' title='bbox 853 1229 965 1277; x_wconf 82' lang='lat' dir='ltr'><em>situm</em></span> <span class='ocrx_word' id='word_1_193' title='bbox 988 1232 1027 1267; x_wconf 83' lang='lat' dir='ltr'><em>in</em></span> <span class='ocrx_word' id='word_1_194' title='bbox 1042 1228 1135 1267; x_wconf 84' lang='lat' dir='ltr'><em>villa</em></span> <span class='ocrx_word' id='word_1_195' title='bbox 1152 1234 1241 1270; x_wconf 80' lang='lat' dir='ltr'><em>Wci</em></span> <span class='ocrx_word' id='word_1_196' title='bbox 1255 1232 1458 1282; x_wconf 63' lang='lat' dir='ltr'><em>superioris&gt;</em></span> 
     </span>
     <span class='ocr_line' id='line_1_23' title="bbox 150 1281 1514 1329; baseline 0.001 -11"><span class='ocrx_word' id='word_1_197' title='bbox 150 1284 364 1329; x_wconf 76' lang='lat' dir='ltr'><em>neutiquam</em></span> <span class='ocrx_word' id='word_1_198' title='bbox 382 1281 548 1329; x_wconf 82' lang='lat' dir='ltr'><em>ampliari</em></span> <span class='ocrx_word' id='word_1_199' title='bbox 563 1305 575 1324; x_wconf 87' lang='lat'>‚</span> <span class='ocrx_word' id='word_1_200' title='bbox 589 1291 652 1318; x_wconf 86' lang='lat' dir='ltr'><em>ant</em></span> <span class='ocrx_word' id='word_1_201' title='bbox 666 1282 812 1318; x_wconf 86' lang='lat' dir='ltr'><em>extendi</em></span> <span class='ocrx_word' id='word_1_202' title='bbox 821 1283 916 1329; x_wconf 84' lang='lat' dir='ltr'><em>poffit</em></span> <span class='ocrx_word' id='word_1_203' title='bbox 931 1309 940 1319; x_wconf 89' lang='lat'>.</span> <span class='ocrx_word' id='word_1_204' title='bbox 1432 1293 1436 1297; x_wconf 71' lang='grc'>’</span> <span class='ocrx_word' id='word_1_205' title='bbox 1511 1307 1514 1308; x_wconf 31' lang='lat'><em>⁷</em></span> 
     </span>
    </p>

    <p class='ocr_par' dir='ltr' id='par_1_4' title="bbox 202 1331 1299 1385">
     <span class='ocr_line' id='line_1_24' title="bbox 202 1331 1299 1385; baseline 0.005 -16"><span class='ocrx_word' id='word_1_206' title='bbox 202 1332 257 1376; x_wconf 87' lang='grc' dir='ltr'><em>ΙΙ.</em></span> <span class='ocrx_word' id='word_1_207' title='bbox 312 1331 477 1370; x_wconf 70' lang='lat' dir='ltr'><em>Nullam</em></span> <span class='ocrx_word' id='word_1_208' title='bbox 496 1332 610 1369; x_wconf 80' lang='lat' dir='ltr'><em>altare</em></span> <span class='ocrx_word' id='word_1_209' title='bbox 625 1334 675 1369; x_wconf 82' lang='lat' dir='ltr'><em>ibi</em></span> <span class='ocrx_word' id='word_1_210' title='bbox 692 1332 868 1382; x_wconf 83' lang='lat' dir='ltr'><em>adjungi,</em></span> <span class='ocrx_word' id='word_1_211' title='bbox 886 1342 949 1369; x_wconf 83' lang='lat' dir='ltr'><em>aut</em></span> <span class='ocrx_word' id='word_1_212' title='bbox 965 1333 1140 1381; x_wconf 79' lang='lat' dir='ltr'><em>adaugeri</em></span> <span class='ocrx_word' id='word_1_213' title='bbox 1156 1347 1262 1385; x_wconf 86' lang='lat' dir='ltr'><em>queat</em></span> <span class='ocrx_word' id='word_1_214' title='bbox 1289 1364 1299 1374; x_wconf 86' lang='lat'><strong>.</strong></span> 
     </span>
    </p>

    <p class='ocr_par' dir='ltr' id='par_1_5' title="bbox 151 1383 1458 1536">
     <span class='ocr_line' id='line_1_25' title="bbox 203 1383 1456 1433; baseline 0.002 -12"><span class='ocrx_word' id='word_1_215' title='bbox 203 1383 280 1421; x_wconf 82' lang='lat' dir='ltr'><strong>III.</strong></span> <span class='ocrx_word' id='word_1_216' title='bbox 338 1384 615 1421; x_wconf 83' lang='lat' dir='ltr'><em>Tabernaculum</em></span> <span class='ocrx_word' id='word_1_217' title='bbox 643 1398 754 1432; x_wconf 84' lang='lat' dir='ltr'><em>neque</em></span> <span class='ocrx_word' id='word_1_218' title='bbox 780 1393 842 1432; x_wconf 87' lang='lat' dir='ltr'><em>pro</em></span> <span class='ocrx_word' id='word_1_219' title='bbox 850 1384 1004 1433; x_wconf 79' lang='lat' dir='ltr'><em>simplici</em></span> <span class='ocrx_word' id='word_1_220' title='bbox 1033 1385 1156 1424; x_wconf 78' lang='lat' dir='ltr'><em>altaris</em></span> <span class='ocrx_word' id='word_1_221' title='bbox 1176 1398 1377 1426; x_wconf 78' lang='lat' dir='ltr'><em>ornamento</em></span> <span class='ocrx_word' id='word_1_222' title='bbox 1397 1388 1456 1425; x_wconf 87' lang='lat' dir='ltr'><em>ibl.</em></span> 
     </span>
     <span class='ocr_line' id='line_1_26' title="bbox 151 1436 1458 1488; baseline 0.004 -16"><span class='ocrx_word' id='word_1_223' title='bbox 151 1437 277 1480; x_wconf 73' lang='lat' dir='ltr'><em>valeat</em></span> <span class='ocrx_word' id='word_1_224' title='bbox 290 1436 455 1474; x_wconf 88' lang='lat' dir='ltr'><em>collocari</em></span> <span class='ocrx_word' id='word_1_225' title='bbox 467 1461 478 1479; x_wconf 94' lang='lat'>,</span> <span class='ocrx_word' id='word_1_226' title='bbox 498 1436 557 1477; x_wconf 83' lang='lat' dir='ltr'><em>vel</em></span> <span class='ocrx_word' id='word_1_227' title='bbox 563 1437 710 1484; x_wconf 77' lang='lat' dir='ltr'><em>postium</em></span> <span class='ocrx_word' id='word_1_228' title='bbox 724 1436 820 1474; x_wconf 86' lang='lat' dir='ltr'><em>illico</em></span> <span class='ocrx_word' id='word_1_229' title='bbox 836 1446 1044 1473; x_wconf 82' lang='lat' dir='ltr'><em>amoveatur</em></span> <span class='ocrx_word' id='word_1_230' title='bbox 1059 1461 1072 1481; x_wconf 89' lang='lat'>,</span> <span class='ocrx_word' id='word_1_231' title='bbox 1100 1452 1191 1477; x_wconf 88' lang='lat' dir='ltr'><em>neve</em></span> <span class='ocrx_word' id='word_1_232' title='bbox 1226 1439 1296 1478; x_wconf 88' lang='lat' dir='ltr'><em>ulli</em></span> <span class='ocrx_word' id='word_1_233' title='bbox 1308 1441 1458 1488; x_wconf 84' lang='lat' dir='ltr'><em>profano</em></span> 
     </span>
     <span class='ocr_line' id='line_1_27' title="bbox 152 1488 1087 1536; baseline -0.005 -9"><span class='ocrx_word' id='word_1_234' title='bbox 152 1502 179 1527; x_wconf 83' lang='lat' dir='ltr'><em>u</em></span> <span class='ocrx_word' id='word_1_235' title='bbox 196 1492 236 1525; x_wconf 87' lang='lat' dir='ltr'><em>ui</em></span> <span class='ocrx_word' id='word_1_236' title='bbox 251 1492 288 1524; x_wconf 86' lang='lat' dir='ltr'><em>in</em></span> <span class='ocrx_word' id='word_1_237' title='bbox 307 1493 427 1525; x_wconf 79' lang='lat' dir='ltr'><em>erviat</em></span> <span class='ocrx_word' id='word_1_238' title='bbox 443 1513 455 1532; x_wconf 92' lang='lat'>‚</span> <span class='ocrx_word' id='word_1_239' title='bbox 472 1488 585 1524; x_wconf 83' lang='lat' dir='ltr'><em>alicui</em></span> <span class='ocrx_word' id='word_1_240' title='bbox 600 1489 828 1527; x_wconf 79' lang='lat' dir='ltr'><em>vendendum</em></span> <span class='ocrx_word' id='word_1_241' title='bbox 846 1488 995 1536; x_wconf 85' lang='lat' dir='ltr'><em>ecclesiae</em></span> <span class='ocrx_word' id='word_1_242' title='bbox 1017 1516 1028 1526; x_wconf 85' lang='lat'><strong>.</strong></span> <span class='ocrx_word' id='word_1_243' title='bbox 1083 1519 1087 1522; x_wconf 93' lang='lat'>.</span> 
     </span>
    </p>

    <p class='ocr_par' dir='ltr' id='par_1_6' title="bbox 150 1539 1469 1643">
     <span class='ocr_line' id='line_1_28' title="bbox 211 1539 1468 1592; baseline 0.002 -15"><span class='ocrx_word' id='word_1_244' title='bbox 211 1539 282 1579; x_wconf 85' lang='lat' dir='ltr'><em>IV.</em></span> <span class='ocrx_word' id='word_1_245' title='bbox 337 1541 379 1576; x_wconf 86' lang='lat' dir='ltr'><em>In</em></span> <span class='ocrx_word' id='word_1_246' title='bbox 393 1540 572 1579; x_wconf 69' lang='lat' dir='ltr'><em>antedifi&#39;o</em></span> <span class='ocrx_word' id='word_1_247' title='bbox 591 1543 740 1576; x_wconf 84' lang='lat' dir='ltr'><em>oratorio</em></span> <span class='ocrx_word' id='word_1_248' title='bbox 767 1539 916 1587; x_wconf 82' lang='lat' dir='ltr'><em>amplius</em></span> <span class='ocrx_word' id='word_1_249' title='bbox 933 1540 1110 1577; x_wconf 84' lang='lat' dir='ltr'><em>celebrari</em></span> <span class='ocrx_word' id='word_1_250' title='bbox 1140 1556 1207 1579; x_wconf 89' lang='lat' dir='ltr'><em>non</em></span> <span class='ocrx_word' id='word_1_251' title='bbox 1219 1547 1314 1592; x_wconf 85' lang='lat' dir='ltr'><em>poffi&#39;t</em></span> <span class='ocrx_word' id='word_1_252' title='bbox 1330 1545 1468 1591; x_wconf 86' lang='lat' dir='ltr'><em>solem-</em></span> 
     </span>
     <span class='ocr_line' id='line_1_29' title="bbox 150 1591 1469 1643; baseline 0.004 -15"><span class='ocrx_word' id='word_1_253' title='bbox 150 1593 307 1631; x_wconf 77' lang='lat' dir='ltr'><em>nioribus</em></span> <span class='ocrx_word' id='word_1_254' title='bbox 322 1595 407 1628; x_wconf 81' lang='lat' dir='ltr'><em>anni</em></span> <span class='ocrx_word' id='word_1_255' title='bbox 414 1591 513 1637; x_wconf 58' lang='lat' dir='ltr'><em>festis</em></span> <span class='ocrx_word' id='word_1_256' title='bbox 531 1593 765 1629; x_wconf 81' lang='lat' dir='ltr'><em>Nativitatis</em></span> <span class='ocrx_word' id='word_1_257' title='bbox 785 1591 914 1640; x_wconf 84' lang='lat' dir='ltr'><em>Christi</em></span> <span class='ocrx_word' id='word_1_258' title='bbox 928 1592 1078 1630; x_wconf 82' lang='lat' dir='ltr'><em>Domini</em></span> <span class='ocrx_word' id='word_1_259' title='bbox 1095 1617 1107 1637; x_wconf 91' lang='lat'>‚</span> <span class='ocrx_word' id='word_1_260' title='bbox 1138 1594 1348 1643; x_wconf 63' lang='lat' dir='ltr'><em>Epiphaniae</em></span> <span class='ocrx_word' id='word_1_261' title='bbox 1364 1621 1377 1640; x_wconf 90' lang='lat'>‚</span> <span class='ocrx_word' id='word_1_262' title='bbox 1396 1597 1469 1633; x_wconf 84' lang='lat' dir='ltr'><em>Pa·-</em></span> 
     </span>
    </p>

    <p class='ocr_par' dir='ltr' id='par_1_7' title="bbox 137 1642 1463 1849">
     <span class='ocr_line' id='line_1_30' title="bbox 137 1642 1463 1695; baseline 0.003 -14"><span class='ocrx_word' id='word_1_263' title='bbox 137 1645 281 1694; x_wconf 81' lang='lat' dir='ltr'><em>schatis</em></span> <span class='ocrx_word' id='word_1_264' title='bbox 295 1642 575 1690; x_wconf 79' lang='lat' dir='ltr'><em>Resurreciionis</em></span> <span class='ocrx_word' id='word_1_265' title='bbox 598 1666 610 1686; x_wconf 90' lang='lat'>,</span> <span class='ocrx_word' id='word_1_266' title='bbox 639 1647 681 1686; x_wconf 61' lang='grc' dir='ltr'><em>τίς·</em></span> <span class='ocrx_word' id='word_1_267' title='bbox 696 1643 919 1691; x_wconf 80' lang='lat' dir='ltr'><em>Ascenfionis</em></span> <span class='ocrx_word' id='word_1_268' title='bbox 937 1668 949 1687; x_wconf 87' lang='lat'>‚</span> <span class='ocrx_word' id='word_1_269' title='bbox 977 1644 1195 1694; x_wconf 85' lang='lat' dir='ltr'><em>Pentecostes</em></span> <span class='ocrx_word' id='word_1_270' title='bbox 1214 1673 1225 1692; x_wconf 89' lang='lat'>‚</span> <span class='ocrx_word' id='word_1_271' title='bbox 1241 1650 1463 1695; x_wconf 67' lang='lat' dir='ltr'><em>Sanf&#39;t&#39;iffi&#39;mae</em></span> 
     </span>
     <span class='ocr_line' id='line_1_31' title="bbox 153 1694 1456 1748; baseline 0.005 -18"><span class='ocrx_word' id='word_1_272' title='bbox 153 1697 344 1735; x_wconf 79' lang='lat' dir='ltr'><em>Trinitatis</em></span> <span class='ocrx_word' id='word_1_273' title='bbox 362 1719 374 1738; x_wconf 87' lang='lat'>‚</span> <span class='ocrx_word' id='word_1_274' title='bbox 389 1696 548 1742; x_wconf 74' lang='lat' dir='ltr'><em>Corporis</em></span> <span class='ocrx_word' id='word_1_275' title='bbox 565 1697 694 1743; x_wconf 66' lang='lat' dir='ltr'><em>Christi</em></span> <span class='ocrx_word' id='word_1_276' title='bbox 708 1720 719 1738; x_wconf 84' lang='lat'><strong>‚</strong></span> <span class='ocrx_word' id='word_1_277' title='bbox 736 1694 1062 1740; x_wconf 68' lang='lat' dir='ltr'><em>Aunmiciationis,</em></span> <span class='ocrx_word' id='word_1_278' title='bbox 1080 1698 1346 1748; x_wconf 79' lang='lat' dir='ltr'><em>Affumptionis</em></span> <span class='ocrx_word' id='word_1_279' title='bbox 1360 1703 1456 1737; x_wconf 85' lang='lat' dir='ltr'><em>Bea-</em></span> 
     </span>
     <span class='ocr_line' id='line_1_32' title="bbox 144 1747 1462 1800; baseline 0.008 -21"><span class='ocrx_word' id='word_1_280' title='bbox 144 1758 197 1789; x_wconf 45' lang='grc' dir='ltr'><em>,με</em></span> <span class='ocrx_word' id='word_1_281' title='bbox 208 1749 339 1784; x_wconf 69' lang='lat' dir='ltr'><em>Mam.-</em></span> <span class='ocrx_word' id='word_1_282' title='bbox 352 1773 363 1791; x_wconf 91' lang='lat'>,</span> <span class='ocrx_word' id='word_1_283' title='bbox 391 1749 465 1785; x_wconf 22' lang='lat'><em>5⁷5.</em></span> <span class='ocrx_word' id='word_1_284' title='bbox 478 1747 727 1796; x_wconf 82' lang='lat' dir='ltr'><em>Apostolorum</em></span> <span class='ocrx_word' id='word_1_285' title='bbox 744 1749 848 1784; x_wconf 86' lang='lat' dir='ltr'><em>Petri</em></span> <span class='ocrx_word' id='word_1_286' title='bbox 875 1751 890 1793; x_wconf 82' lang='lat'>(</span> <span class='ocrx_word' id='word_1_287' title='bbox 915 1750 1022 1784; x_wconf 80' lang='lat' dir='ltr'><em>etiam</em></span> <span class='ocrx_word' id='word_1_288' title='bbox 1039 1749 1141 1786; x_wconf 75' lang='lat' dir='ltr'><em>velus</em></span> <span class='ocrx_word' id='word_1_289' title='bbox 1153 1752 1371 1800; x_wconf 88' lang='lat' dir='ltr'><em>parochialis</em></span> <span class='ocrx_word' id='word_1_290' title='bbox 1403 1766 1462 1791; x_wconf 53' lang='lat' dir='ltr'><em>ece</em></span> 
     </span>
     <span class='ocr_line' id='line_1_33' title="bbox 152 1799 1192 1849; baseline 0.006 -14"><span class='ocrx_word' id='word_1_291' title='bbox 152 1800 262 1849; x_wconf 85' lang='lat' dir='ltr'><em>clesiae</em></span> <span class='ocrx_word' id='word_1_292' title='bbox 276 1799 464 1842; x_wconf 81' lang='lat' dir='ltr'><em>titularis)</em></span> <span class='ocrx_word' id='word_1_293' title='bbox 495 1802 536 1840; x_wconf 69' lang='lat'><em>&amp;-</em></span> <span class='ocrx_word' id='word_1_294' title='bbox 554 1800 664 1836; x_wconf 81' lang='lat' dir='ltr'><em>Pauli</em></span> <span class='ocrx_word' id='word_1_295' title='bbox 682 1826 694 1844; x_wconf 90' lang='lat'>,</span> <span class='ocrx_word' id='word_1_296' title='bbox 713 1803 934 1848; x_wconf 85' lang='lat' dir='ltr'><em>omniumque</em></span> <span class='ocrx_word' id='word_1_297' title='bbox 951 1800 1164 1840; x_wconf 67' lang='lat' dir='ltr'><em>Sanfiorum</em></span> <span class='ocrx_word' id='word_1_298' title='bbox 1183 1832 1192 1841; x_wconf 92' lang='lat'>.</span> 
     </span>
    </p>

    <p class='ocr_par' dir='ltr' id='par_1_8' title="bbox 152 1851 1463 1954">
     <span class='ocr_line' id='line_1_34' title="bbox 211 1851 1463 1905; baseline 0.004 -16"><span class='ocrx_word' id='word_1_299' title='bbox 211 1852 258 1892; x_wconf 90' lang='lat' dir='ltr'><em>V.</em></span> <span class='ocrx_word' id='word_1_300' title='bbox 314 1852 356 1889; x_wconf 85' lang='lat' dir='ltr'><em>In</em></span> <span class='ocrx_word' id='word_1_301' title='bbox 380 1851 526 1900; x_wconf 84' lang='lat' dir='ltr'><em>reliquis</em></span> <span class='ocrx_word' id='word_1_302' title='bbox 541 1853 664 1888; x_wconf 81' lang='lat' dir='ltr'><em>diebus</em></span> <span class='ocrx_word' id='word_1_303' title='bbox 677 1851 777 1900; x_wconf 86' lang='lat' dir='ltr'><em>festis</em></span> <span class='ocrx_word' id='word_1_304' title='bbox 788 1851 888 1898; x_wconf 84' lang='lat' dir='ltr'><em>miffa</em></span> <span class='ocrx_word' id='word_1_305' title='bbox 904 1852 954 1887; x_wconf 88' lang='lat' dir='ltr'><em>ibi</em></span> <span class='ocrx_word' id='word_1_306' title='bbox 973 1854 1111 1891; x_wconf 84' lang='lat' dir='ltr'><em>cebrari</em></span> <span class='ocrx_word' id='word_1_307' title='bbox 1132 1869 1200 1892; x_wconf 78' lang='lat' dir='ltr'><em>non</em></span> <span class='ocrx_word' id='word_1_308' title='bbox 1215 1857 1342 1894; x_wconf 73' lang='lat' dir='ltr'><em>debeat</em></span> <span class='ocrx_word' id='word_1_309' title='bbox 1355 1879 1368 1900; x_wconf 87' lang='lat'>‚</span> <span class='ocrx_word' id='word_1_310' title='bbox 1398 1857 1463 1905; x_wconf 82' lang='lat' dir='ltr'><em>nisi</em></span> 
     </span>
     <span class='ocr_line' id='line_1_35' title="bbox 152 1902 1244 1954; baseline 0.003 -13"><span class='ocrx_word' id='word_1_311' title='bbox 152 1902 406 1954; x_wconf 84' lang='lat' dir='ltr'><em>praecelebrata</em></span> <span class='ocrx_word' id='word_1_312' title='bbox 424 1928 435 1947; x_wconf 87' lang='lat'>,</span> <span class='ocrx_word' id='word_1_313' title='bbox 450 1904 534 1939; x_wconf 85' lang='lat' dir='ltr'><em>hora</em></span> <span class='ocrx_word' id='word_1_314' title='bbox 551 1913 669 1941; x_wconf 87' lang='lat' dir='ltr'><em>tamen</em></span> <span class='ocrx_word' id='word_1_315' title='bbox 682 1913 887 1952; x_wconf 86' lang='lat' dir='ltr'><em>opportuna,</em></span> <span class='ocrx_word' id='word_1_316' title='bbox 899 1906 1100 1952; x_wconf 77' lang='lat' dir='ltr'><em>parochiali</em></span> <span class='ocrx_word' id='word_1_317' title='bbox 1114 1908 1216 1954; x_wconf 82' lang='lat' dir='ltr'><em>miffii</em></span> <span class='ocrx_word' id='word_1_318' title='bbox 1236 1939 1244 1947; x_wconf 89' lang='lat'>.</span> 
     </span>
    </p>

    <p class='ocr_par' dir='ltr' id='par_1_9' title="bbox 157 1955 1465 2055">
     <span class='ocr_line' id='line_1_36' title="bbox 209 1955 1465 2008; baseline 0.005 -16"><span class='ocrx_word' id='word_1_319' title='bbox 209 1955 281 1995; x_wconf 88' lang='lat' dir='ltr'><em>VI.</em></span> <span class='ocrx_word' id='word_1_320' title='bbox 339 1955 568 1992; x_wconf 85' lang='lat' dir='ltr'><em>Parochiales</em></span> <span class='ocrx_word' id='word_1_321' title='bbox 589 1957 789 2003; x_wconf 13' lang='lat' dir='ltr'><em>furufliones</em></span> <span class='ocrx_word' id='word_1_322' title='bbox 801 1955 1002 1994; x_wconf 83' lang='lat' dir='ltr'><em>nullatenus</em></span> <span class='ocrx_word' id='word_1_323' title='bbox 1027 1959 1078 1994; x_wconf 86' lang='lat' dir='ltr'><em>ibi</em></span> <span class='ocrx_word' id='word_1_324' title='bbox 1093 1961 1339 2008; x_wconf 84' lang='lat' dir='ltr'><em>impediantur</em></span> <span class='ocrx_word' id='word_1_325' title='bbox 1356 1986 1368 2005; x_wconf 88' lang='lat'>‚</span> <span class='ocrx_word' id='word_1_326' title='bbox 1384 1971 1465 1998; x_wconf 82' lang='lat' dir='ltr'><em>tur-</em></span> 
     </span>
     <span class='ocr_line' id='line_1_37' title="bbox 157 2009 372 2055; baseline -0.005 -10"><span class='ocrx_word' id='word_1_327' title='bbox 157 2009 372 2055; x_wconf 81' lang='lat' dir='ltr'><em>benturque.</em></span> 
     </span>
    </p>

    <p class='ocr_par' dir='ltr' id='par_1_10' title="bbox 146 2057 1464 2266">
     <span class='ocr_line' id='line_1_38' title="bbox 209 2057 1460 2112; baseline 0.002 -16"><span class='ocrx_word' id='word_1_328' title='bbox 209 2057 300 2096; x_wconf 83' lang='lat' dir='ltr'>VII.</span> <span class='ocrx_word' id='word_1_329' title='bbox 357 2060 530 2097; x_wconf 83' lang='lat' dir='ltr'><em>Homines</em></span> <span class='ocrx_word' id='word_1_330' title='bbox 546 2061 636 2096; x_wconf 62' lang='lat' dir='ltr'><em>dieii</em></span> <span class='ocrx_word' id='word_1_331' title='bbox 653 2060 741 2096; x_wconf 80' lang='lat' dir='ltr'><em>Vici</em></span> <span class='ocrx_word' id='word_1_332' title='bbox 748 2060 944 2108; x_wconf 86' lang='lat' dir='ltr'><em>superioris</em></span> <span class='ocrx_word' id='word_1_333' title='bbox 966 2063 1086 2098; x_wconf 81' lang='lat' dir='ltr'><em>eodem</em></span> <span class='ocrx_word' id='word_1_334' title='bbox 1093 2063 1234 2110; x_wconf 82' lang='lat' dir='ltr'><em>prorsus</em></span> <span class='ocrx_word' id='word_1_335' title='bbox 1250 2065 1348 2098; x_wconf 88' lang='lat' dir='ltr'><em>modo</em></span> <span class='ocrx_word' id='word_1_336' title='bbox 1362 2088 1375 2107; x_wconf 91' lang='lat'>,</span> <span class='ocrx_word' id='word_1_337' title='bbox 1395 2075 1460 2112; x_wconf 86' lang='lat' dir='ltr'><em>quo</em></span> 
     </span>
     <span class='ocr_line' id='line_1_39' title="bbox 154 2109 1460 2162; baseline 0.002 -12"><span class='ocrx_word' id='word_1_338' title='bbox 154 2114 276 2150; x_wconf 77' lang='lat' dir='ltr'><em>caeteri</em></span> <span class='ocrx_word' id='word_1_339' title='bbox 284 2113 493 2158; x_wconf 85' lang='lat' dir='ltr'><em>parochiani</em></span> <span class='ocrx_word' id='word_1_340' title='bbox 496 2109 581 2160; x_wconf 86' lang='lat' dir='ltr'><em>jam</em></span> <span class='ocrx_word' id='word_1_341' title='bbox 599 2113 641 2148; x_wconf 90' lang='lat' dir='ltr'><em>ab</em></span> <span class='ocrx_word' id='word_1_342' title='bbox 657 2111 929 2148; x_wconf 78' lang='lat' dir='ltr'><em>immemorabili</em></span> <span class='ocrx_word' id='word_1_343' title='bbox 939 2110 1095 2162; x_wconf 59' lang='lat' dir='ltr'><em>fitbjeffi</em></span> <span class='ocrx_word' id='word_1_344' title='bbox 1108 2136 1122 2158; x_wconf 85' lang='lat'>,</span> <span class='ocrx_word' id='word_1_345' title='bbox 1153 2114 1460 2162; x_wconf 70' lang='lat' dir='ltr'><em>obedientesque.»</em></span> 
     </span>
     <span class='ocr_line' id='line_1_40' title="bbox 151 2161 1464 2215; baseline 0.002 -15"><span class='ocrx_word' id='word_1_346' title='bbox 151 2165 242 2212; x_wconf 73' lang='lat' dir='ltr'><em>sum</em></span> <span class='ocrx_word' id='word_1_347' title='bbox 253 2164 398 2199; x_wconf 84' lang='lat' dir='ltr'><em>matrici</em></span> <span class='ocrx_word' id='word_1_348' title='bbox 414 2186 427 2204; x_wconf 80' lang='lat'><em>‚</em></span> <span class='ocrx_word' id='word_1_349' title='bbox 455 2161 590 2199; x_wconf 82' lang='lat' dir='ltr'><em>alacres</em></span> <span class='ocrx_word' id='word_1_350' title='bbox 604 2187 615 2205; x_wconf 91' lang='lat'>,</span> <span class='ocrx_word' id='word_1_351' title='bbox 643 2165 864 2211; x_wconf 82' lang='lat' dir='ltr'><em>promptique</em></span> <span class='ocrx_word' id='word_1_352' title='bbox 893 2175 1107 2201; x_wconf 85' lang='lat' dir='ltr'><em>concurrant</em></span> <span class='ocrx_word' id='word_1_353' title='bbox 1122 2187 1135 2207; x_wconf 89' lang='lat'>,</span> <span class='ocrx_word' id='word_1_354' title='bbox 1167 2167 1464 2215; x_wconf 81' lang='lat' dir='ltr'><em>contribuantque</em></span> 
     </span>
     <span class='ocr_line' id='line_1_41' title="bbox 146 2214 1459 2266; baseline 0.002 -14"><span class='ocrx_word' id='word_1_355' title='bbox 146 2225 216 2264; x_wconf 81' lang='lat' dir='ltr'><em>-pro</em></span> <span class='ocrx_word' id='word_1_356' title='bbox 232 2214 556 2251; x_wconf 77' lang='lat' dir='ltr'><em>manutentionibus</em></span> <span class='ocrx_word' id='word_1_357' title='bbox 580 2215 753 2262; x_wconf 85' lang='lat' dir='ltr'><em>lampadis</em></span> <span class='ocrx_word' id='word_1_358' title='bbox 766 2216 1080 2252; x_wconf 81' lang='lat' dir='ltr'><em>SS.Sacramenti</em></span> <span class='ocrx_word' id='word_1_359' title='bbox 1097 2241 1108 2260; x_wconf 87' lang='lat'>,</span> <span class='ocrx_word' id='word_1_360' title='bbox 1114 2217 1307 2264; x_wconf 86' lang='lat' dir='ltr'><em>sacrarum</em></span> <span class='ocrx_word' id='word_1_361' title='bbox 1308 2217 1459 2266; x_wconf 89' lang='lat' dir='ltr'><em>suppel-</em></span> 
     </span>
    </p>

    <p class='ocr_par' dir='ltr' id='par_1_11' title="bbox 159 2266 1460 2367">
     <span class='ocr_line' id='line_1_42' title="bbox 159 2266 1460 2319; baseline 0.003 -15"><span class='ocrx_word' id='word_1_362' title='bbox 159 2266 332 2306; x_wconf 71' lang='lat' dir='ltr'><em>lefiilium</em></span> <span class='ocrx_word' id='word_1_363' title='bbox 349 2293 362 2311; x_wconf 87' lang='lat'>,</span> <span class='ocrx_word' id='word_1_364' title='bbox 379 2266 532 2309; x_wconf 61' lang='lat' dir='ltr'><em>edium,</em></span> <span class='ocrx_word' id='word_1_365' title='bbox 550 2266 733 2310; x_wconf 55' lang='lat' dir='ltr'><em>ceriarum,</em></span> <span class='ocrx_word' id='word_1_366' title='bbox 751 2268 908 2313; x_wconf 84' lang='lat' dir='ltr'><em>operibus</em></span> <span class='ocrx_word' id='word_1_367' title='bbox 924 2271 1157 2314; x_wconf 75' lang='lat' dir='ltr'><em>reparationis</em></span> <span class='ocrx_word' id='word_1_368' title='bbox 1176 2294 1188 2313; x_wconf 87' lang='lat'>,</span> <span class='ocrx_word' id='word_1_369' title='bbox 1205 2270 1460 2319; x_wconf 52' lang='lat' dir='ltr'><em>expenstsque..)</em></span> 
     </span>
     <span class='ocr_line' id='line_1_43' title="bbox 160 2317 940 2367; baseline 0 -12"><span class='ocrx_word' id='word_1_370' title='bbox 160 2321 316 2356; x_wconf 90' lang='lat' dir='ltr'><em>omnibus</em></span> <span class='ocrx_word' id='word_1_371' title='bbox 327 2317 530 2367; x_wconf 75' lang='lat' dir='ltr'><em>parochiali</em></span> <span class='ocrx_word' id='word_1_372' title='bbox 540 2317 688 2364; x_wconf 78' lang='lat' dir='ltr'><em>ecclefiae</em></span> <span class='ocrx_word' id='word_1_373' title='bbox 702 2319 909 2365; x_wconf 81' lang='lat' dir='ltr'><em>neceffariis</em></span> <span class='ocrx_word' id='word_1_374' title='bbox 931 2346 940 2355; x_wconf 90' lang='lat'>.</span> 
     </span>
    </p>

    <p class='ocr_par' dir='ltr' id='par_1_12' title="bbox 150 2369 1510 2679">
     <span class='ocr_line' id='line_1_44' title="bbox 162 2369 1510 2422; baseline 0.001 -14"><span class='ocrx_word' id='word_1_375' title='bbox 162 2403 167 2409; x_wconf 88' lang='lat'>.</span> <span class='ocrx_word' id='word_1_376' title='bbox 211 2369 325 2408; x_wconf 81' lang='lat' dir='ltr'>VIII.</span> <span class='ocrx_word' id='word_1_377' title='bbox 380 2371 560 2408; x_wconf 72' lang='lat' dir='ltr'><em>parochus</em></span> <span class='ocrx_word' id='word_1_378' title='bbox 589 2372 637 2406; x_wconf 82' lang='lat' dir='ltr'><em>ad</em></span> <span class='ocrx_word' id='word_1_379' title='bbox 661 2371 867 2417; x_wconf 64' lang='lat' dir='ltr'><em>praea’ifium</em></span> <span class='ocrx_word' id='word_1_380' title='bbox 895 2374 1088 2409; x_wconf 81' lang='lat' dir='ltr'><em>oratorium</em></span> <span class='ocrx_word' id='word_1_381' title='bbox 1117 2373 1283 2410; x_wconf 86' lang='lat' dir='ltr'><em>accedens</em></span> <span class='ocrx_word' id='word_1_382' title='bbox 1321 2373 1359 2410; x_wconf 91' lang='lat' dir='ltr'><em>in</em></span> <span class='ocrx_word' id='word_1_383' title='bbox 1378 2372 1468 2422; x_wconf 80' lang='lat' dir='ltr'><em>festo</em></span> <span class='ocrx_word' id='word_1_384' title='bbox 1507 2389 1510 2392; x_wconf 56' lang='lat'><strong>⁴</strong></span> 
     </span>
     <span class='ocr_line' id='line_1_45' title="bbox 156 2419 1462 2473; baseline 0.004 -16"><span class='ocrx_word' id='word_1_385' title='bbox 156 2423 275 2460; x_wconf 59' lang='lat' dir='ltr'><em>Sancti</em></span> <span class='ocrx_word' id='word_1_386' title='bbox 291 2422 519 2461; x_wconf 82' lang='lat' dir='ltr'><em>Patriarchae</em></span> <span class='ocrx_word' id='word_1_387' title='bbox 536 2421 668 2470; x_wconf 75' lang='lat' dir='ltr'><em>Joseph</em></span> <span class='ocrx_word' id='word_1_388' title='bbox 695 2419 855 2473; x_wconf 81' lang='lat' dir='ltr'><em>ejusdem</em></span> <span class='ocrx_word' id='word_1_389' title='bbox 879 2422 1038 2459; x_wconf 69' lang='lat' dir='ltr'><em>titularis</em></span> <span class='ocrx_word' id='word_1_390' title='bbox 1054 2424 1295 2462; x_wconf 73' lang='lat' dir='ltr'><em>celebraturus</em></span> <span class='ocrx_word' id='word_1_391' title='bbox 1311 2450 1322 2469; x_wconf 88' lang='lat'>,</span> <span class='ocrx_word' id='word_1_392' title='bbox 1339 2435 1462 2462; x_wconf 84' lang='lat' dir='ltr'><em>tenea-</em></span> 
     </span>
     <span class='ocr_line' id='line_1_46' title="bbox 161 2474 1455 2525; baseline 0.004 -16"><span class='ocrx_word' id='word_1_393' title='bbox 161 2483 222 2510; x_wconf 86' lang='lat' dir='ltr'><em>tur</em></span> <span class='ocrx_word' id='word_1_394' title='bbox 238 2475 376 2522; x_wconf 79' lang='lat' dir='ltr'><em>quidem</em></span> <span class='ocrx_word' id='word_1_395' title='bbox 393 2499 404 2517; x_wconf 87' lang='lat'>,</span> <span class='ocrx_word' id='word_1_396' title='bbox 437 2486 543 2523; x_wconf 67' lang='lat' dir='ltr'><em>qum</em></span> <span class='ocrx_word' id='word_1_397' title='bbox 553 2477 592 2510; x_wconf 84' lang='lat' dir='ltr'><em>in</em></span> <span class='ocrx_word' id='word_1_398' title='bbox 604 2478 775 2511; x_wconf 84' lang='lat' dir='ltr'><em>anteriori</em></span> <span class='ocrx_word' id='word_1_399' title='bbox 793 2474 881 2521; x_wconf 82' lang='lat' dir='ltr'><em>festo</em></span> <span class='ocrx_word' id='word_1_400' title='bbox 897 2475 939 2509; x_wconf 80' lang='lat' dir='ltr'><em>ab</em></span> <span class='ocrx_word' id='word_1_401' title='bbox 957 2475 1075 2512; x_wconf 76' lang='lat' dir='ltr'><em>altare</em></span> <span class='ocrx_word' id='word_1_402' title='bbox 1077 2475 1232 2525; x_wconf 89' lang='lat' dir='ltr'><em>sequens</em></span> <span class='ocrx_word' id='word_1_403' title='bbox 1247 2478 1363 2513; x_wconf 83' lang='lat' dir='ltr'><em>denun</em></span> <span class='ocrx_word' id='word_1_404' title='bbox 1385 2481 1455 2521; x_wconf 83' lang='lat' dir='ltr'><em>iat,</em></span> 
     </span>
     <span class='ocr_line' id='line_1_47' title="bbox 152 2524 1463 2575; baseline 0.004 -14"><span class='ocrx_word' id='word_1_405' title='bbox 152 2524 320 2574; x_wconf 80' lang='lat' dir='ltr'><em>populum</em></span> <span class='ocrx_word' id='word_1_406' title='bbox 345 2527 389 2562; x_wconf 87' lang='lat' dir='ltr'><em>de</em></span> <span class='ocrx_word' id='word_1_407' title='bbox 404 2527 472 2562; x_wconf 81' lang='lat' dir='ltr'><em>tali</em></span> <span class='ocrx_word' id='word_1_408' title='bbox 498 2527 633 2575; x_wconf 57' lang='lat' dir='ltr'><em>accqffu</em></span> <span class='ocrx_word' id='word_1_409' title='bbox 649 2528 835 2563; x_wconf 81' lang='lat' dir='ltr'><em>admonere</em></span> <span class='ocrx_word' id='word_1_410' title='bbox 851 2550 863 2568; x_wconf 90' lang='lat'><strong>‚</strong></span> <span class='ocrx_word' id='word_1_411' title='bbox 895 2530 1039 2563; x_wconf 81' lang='lat' dir='ltr'><em>minime</em></span> <span class='ocrx_word' id='word_1_412' title='bbox 1059 2541 1142 2565; x_wconf 81' lang='lat' dir='ltr'><em>vero</em></span> <span class='ocrx_word' id='word_1_413' title='bbox 1158 2525 1463 2574; x_wconf 16' lang='lat' dir='ltr'><em>‘aliumhl&#39;acerdoss-</em></span> 
     </span>
     <span class='ocr_line' id='line_1_48' title="bbox 150 2577 1464 2632; baseline 0.003 -18"><span class='ocrx_word' id='word_1_414' title='bbox 150 2587 233 2617; x_wconf 76' lang='lat' dir='ltr'><em>,tem</em></span> <span class='ocrx_word' id='word_1_415' title='bbox 247 2578 295 2612; x_wconf 84' lang='lat' dir='ltr'><em>ad</em></span> <span class='ocrx_word' id='word_1_416' title='bbox 309 2577 554 2616; x_wconf 81' lang='lat' dir='ltr'><em>celebrandum</em></span> <span class='ocrx_word' id='word_1_417' title='bbox 561 2589 623 2628; x_wconf 88' lang='lat' dir='ltr'><em>pro</em></span> <span class='ocrx_word' id='word_1_418' title='bbox 641 2581 711 2626; x_wconf 81' lang='lat' dir='ltr'><em>ipso</em></span> <span class='ocrx_word' id='word_1_419' title='bbox 725 2581 763 2616; x_wconf 77' lang='lat' dir='ltr'><em>in</em></span> <span class='ocrx_word' id='word_1_420' title='bbox 775 2579 976 2627; x_wconf 83' lang='lat' dir='ltr'><em>parochiali</em></span> <span class='ocrx_word' id='word_1_421' title='bbox 996 2579 1137 2627; x_wconf 82' lang='lat' dir='ltr'><em>ecclesta</em></span> <span class='ocrx_word' id='word_1_422' title='bbox 1167 2578 1243 2632; x_wconf 86' lang='lat' dir='ltr'><em>ejus</em></span> <span class='ocrx_word' id='word_1_423' title='bbox 1260 2581 1464 2631; x_wconf 75' lang='lat' dir='ltr'><em>sumptibus</em></span> 
     </span>
     <span class='ocr_line' id='line_1_49' title="bbox 164 2631 1462 2679; baseline 0.002 -12"><span class='ocrx_word' id='word_1_424' title='bbox 164 2631 353 2679; x_wconf 62' lang='lat' dir='ltr'><em>quaeritare</em></span> <span class='ocrx_word' id='word_1_425' title='bbox 368 2657 377 2666; x_wconf 90' lang='lat'>.</span> <span class='ocrx_word' id='word_1_426' title='bbox 1207 2634 1211 2637; x_wconf 83' lang='grc'><strong>’</strong></span> <span class='ocrx_word' id='word_1_427' title='bbox 1459 2649 1462 2651; x_wconf 51' lang='lat'>&gt;</span> 
     </span>
    </p>
   </div>
   <div class='ocr_carea' id='block_1_2' title="bbox 151 2658 1473 2775">
    <p class='ocr_par' dir='ltr' id='par_1_13' title="bbox 151 2658 1473 2775">
     <span class='ocr_line' id='line_1_50' title="bbox 151 2658 1465 2737; baseline 0.001 -17"><span class='ocrx_word' id='word_1_428' title='bbox 151 2717 156 2720; x_wconf 94' lang='lat'>.</span> <span class='ocrx_word' id='word_1_429' title='bbox 213 2679 284 2718; x_wconf 91' lang='lat' dir='ltr'><em>IX.</em></span> <span class='ocrx_word' id='word_1_430' title='bbox 341 2678 506 2718; x_wconf 79' lang='lat' dir='ltr'><em>Tandem</em></span> <span class='ocrx_word' id='word_1_431' title='bbox 529 2685 651 2722; x_wconf 62' lang='lat' dir='ltr'><em>erinna</em></span> <span class='ocrx_word' id='word_1_432' title='bbox 680 2684 778 2728; x_wconf 81' lang='lat' dir='ltr'><em>haec,</em></span> <span class='ocrx_word' id='word_1_433' title='bbox 809 2682 1004 2732; x_wconf 80' lang='lat' dir='ltr'><em>&amp;fingula</em></span> <span class='ocrx_word' id='word_1_434' title='bbox 1034 2695 1215 2735; x_wconf 80' lang='lat' dir='ltr'><em>tamquam</em></span> <span class='ocrx_word' id='word_1_435' title='bbox 1232 2658 1465 2737; x_wconf 51' lang='lat' dir='ltr'><em>sacrosanfite</em></span> 
     </span>
     <span class='ocr_line' id='line_1_51' title="bbox 269 2732 1473 2775; baseline -0.001 -4"><span class='ocrx_word' id='word_1_436' title='bbox 269 2732 552 2773; x_wconf 73' lang='lat' dir='ltr'><em>Tom.XXXJV.</em></span> <span class='ocrx_word' id='word_1_437' title='bbox 802 2768 805 2769; x_wconf 11' lang='grc' dir='ltr'><em>γ</em></span> <span class='ocrx_word' id='word_1_438' title='bbox 870 2734 900 2772; x_wconf 82' lang='grc' dir='ltr'>Β</span> <span class='ocrx_word' id='word_1_439' title='bbox 916 2736 939 2773; x_wconf 82' lang='lat' dir='ltr'>b</span> <span class='ocrx_word' id='word_1_440' title='bbox 1152 2754 1154 2757; x_wconf 33' lang='lat' dir='ltr'>v</span> <span class='ocrx_word' id='word_1_441' title='bbox 1389 2739 1473 2775; x_wconf 70' lang='lat' dir='ltr'><em>Tri-</em></span> 
     </span>
    </p>
   </div>
  </div>
 </body>
</html>
