1986 2996
611 137 672 169 29.
697 126 924 162 Novembris
950 125 1063 167 1766.
1431 138 1503 173 243

183 177 324 213 tuerat
354 173 393 212 in
411 173 535 213 scutis
561 187 677 218 3130.
713 191 770 222 17.
821 175 876 216 Ut
911 176 1052 226 itaque
1081 185 1141 213 res
1162 183 1507 221 componeretur,

185 226 346 272 placuit
365 226 554 265 Partibus
582 228 701 266 illum
730 241 879 277 augere
908 240 955 267 ex
971 227 1159 265 condieto
1179 225 1229 265 ad
1243 226 1352 265 scuta
1370 231 1505 271 3600.‚

184 278 298 317 &ita
325 278 483 328 emptio
496 280 682 319 venditio
698 280 934 320 medietatis
953 279 1141 319 conclusa
1164 276 1243 316 fuit
1266 279 1400 327 pretio
1418 281 1508 318 scu-

182 339 320 369 torum
345 338 455 371 1800,
474 357 486 376 ‚
516 344 562 370 ac
579 344 649 379 pro
666 346 716 372 eo
732 334 928 372 conventi
943 331 1112 371 fuerunt
1138 331 1259 369 annui
1275 331 1426 370 frustus
1448 344 1509 369 re-

188 385 487 431 compensativi
516 386 723 424 scutorum
741 386 913 425 duorum
932 410 944 429 ‚
974 386 1012 424 δε
1035 384 1252 423 obulorum
1269 383 1511 433 ot‘tuaginta

186 444 258 481 pro
275 437 461 485 quolibet
479 437 717 476 centenario
735 466 744 476 .

139 483 250 534 Qiia
268 500 364 526 vero
382 487 536 527 fruetus
567 491 654 535 ejus
670 488 908 530 medietatis
925 513 937 531 ‚
968 500 1051 538 quae
1069 485 1339 536 poffidebatur
1356 496 1506 526 antea..-

185 550 209 577 a
225 539 421 588 Capitulo
449 567 461 585 ‚
492 541 581 580 sunt
599 542 790 591 erogandi
817 542 855 579 in
873 541 1196 579 celebrationem
1212 549 1276 578 tot
1298 539 1509 578 Miffarum

186 603 233 630 ex
250 593 492 632 testamento
519 593 716 632 Hadriani
747 594 887 638 Velli,
922 593 1073 636 acujus
1107 592 1348 631 haereditate
1378 591 1511 630 afferi-

184 651 253 682 tur
280 645 522 692 provenire,
553 647 646 685 hine
661 646 899 693 Capitulum
921 671 934 690 ,
952 653 996 682 ut
1016 644 1229 692 pecuniam
1250 654 1408 688 pararet
1439 656 1511 682 ne-

185 694 391 735 ceffariam
424 697 472 736 ad
489 700 681 737 emendas
699 698 911 748 contiguas
929 697 1082 735 Domos
1102 720 1114 738 ‚
1149 696 1187 735 ὃ(
1212 695 1261 734 ad
1283 697 1509 734 construen-

182 748 281 786 dum
311 761 460 788 novum
480 750 722 796 aedificium,
754 761 893 797 preces
925 749 1051 788 Sacrae
1068 747 1386 797 congregationi
1417 758 1506 792 por-

182 800 292 839 rexit
309 811 480 850 petens,
508 810 551 841 ut
585 803 806 843 medietati
823 803 978 841 Domus
1006 810 1124 840 antea
1151 802 1199 839 ab
1231 801 1312 848 ipso
1340 796 1506 848 porsena:

182 853 428 893 statueretur
458 854 570 893 valor
602 856 643 895 in
663 855 784 894 scutis
805 860 917 894 1800.
948 853 1335 905 quanticonventus
1369 851 1504 900 fuerat

181 903 257 943 ille
273 906 444 945 alterius
463 907 703 946 medietatis
734 908 907 946 venditae
931 919 952 945 a
981 906 1222 944 Marchione
1255 905 1304 943 de
1336 905 1508 943 Cavale-

183 956 254 994 riis
276 970 290 996 ‚·
332 969 486 1005 annuus
514 970 611 998 vero
638 959 789 997 fruetus
815 958 1106 998 decerneretur
1138 958 1176 995 in
1209 956 1351 995 annuis
1381 955 1507 994 scutis

179 1008 365 1053 duobus,
394 1010 581 1050 &obruis
606 1011 903 1060 quinquaginta
936 1022 1006 1059 pro
1033 1021 1275 1058 unoquoque
1310 1017 1508 1046 centena-

181 1059 269 1105 rio,
298 1061 660 1109 suspensainterim
689 1063 974 1103 celebratione
1008 1059 1218 1100 Miffarum
1248 1060 1504 1108 praescripta-

181 1123 270 1150 rum
302 1112 340 1151 in
373 1115 617 1153 testamento
644 1113 916 1155 Benefaetoris
945 1144 955 1156 .
988 1113 1313 1162 Imploravitque
1348 1112 1506 1160 insuper

178 1161 425 1204 facultatem
452 1166 519 1205 vel
547 1166 753 1205 alienandi
782 1166 871 1204 loca
892 1179 954 1213 73.
969 1167 1008 1209 ὃς
1025 1166 1247 1208 63.centes.
1266 1164 1530 1203 Montmm-,v

182 1215 357 1260 subjeeta
374 1218 579 1258 nonnullis
593 1217 803 1257 Miffarum
817 1231 893 1258 one
905 1219 1014 1258 ribus
1031 1229 1128 1256 cum
1148 1218 1240 1266 lege
1256 1215 1512 1263 adimplendi

179 1269 316 1308 omnia
334 1270 560 1318 praescripta
577 1283 717 1316 onera,
735 1271 801 1309 vel
820 1270 1065 1318 imponendi
1085 1270 1249 1309 censum
1269 1279 1339 1315 pro
1355 1270 1512 1307 summa

183 1328 269 1359 tam
291 1331 360 1367 pro
375 1323 586 1371 emptione
604 1323 833 1364 Domorum
857 1349 870 1370 ‚
889 1335 1008 1375 quam
1026 1335 1097 1374 pro
1111 1321 1406 1362 constructione
1425 1321 1516 1359 aedi-

181 1371 262 1411 ficii
281 1372 499 1414 necessaria
518 1404 527 1413 .

129 1423 483 1465 Eminentiffimus
504 1426 622 1466 Urbis
642 1427 831 1468 Vicarius
848 1454 859 1473 ‚
890 1428 1087 1477 perpensis
1113 1426 1311 1466 ‘omnibus
1343 1425 1514 1464 circum-

180 1477 334 1516 stantiis
352 1502 364 1522 ‚
396 1491 472 1516 non
493 1478 727 1520 dissentiens
747 1493 766 1519 a
785 1479 1058 1530 liquidatione
1078 1479 1232 1518 valoris
1262 1479 1504 1518 medietatis

182 1528 340 1568 Domus
361 1530 400 1568 in
417 1532 571 1571 summa
588 1533 794 1572 scutorum
811 1538 925 1572 1800.
944 1558 956 1577 ‚
986 1533 1023 1571 8<
1037 1544 1056 1571 a
1069 1533 1278 1571 taxatione
1296 1529 1502 1569 fruetuum

180 1581 294 1627 juxta
324 1583 601 1631 quantitatem
632 1581 1120 1633 inim-ccibusexpreffam
1147 1598 1161 1624 ‚·
1194 1582 1502 1623 Annuendumo

180 1633 339 1690 censuit
369 1636 506 1682 perine
534 1634 726 1676 facultati
759 1636 995 1686 imponendi
1029 1637 1223 1681 censum,
1255 1636 1293 1676 ὃς
1324 1635 1362 1674 in
1383 1635 1503 1673 subii-

176 1684 292 1723 dium
308 1687 433 1726 etiam
452 1688 656 1729 alienandi
673 1690 781 1729 Loca
797 1690 1008 1730 Montium
1027 1698 1144 1728 certo
1164 1688 1321 1736 praefixo
1338 1698 1498 1736 tempo-

178 1749 222 1777 re
237 1764 249 1783 ,
277 1739 339 1778 vel
355 1739 599 1780 extint‘tioni
620 1741 769 1782 Census
788 1742 982 1784 creandi,
1012 1741 1077 1782 vel
1096 1741 1299 1782 Locorum
1321 1739 1504 1778 alienan-

176 1789 321 1828 dorum
339 1791 648 1842 reintegrationi
668 1820 681 1839 ‚
710 1793 893 1842 impletis
911 1795 1080 1833 interim
1097 1794 1281 1833 omnibus
1302 1792 1495 1831 oneribus

177 1842 257 1883 istis
274 1844 465 1883 annexis:
491 1845 742 1890 Suspenfioni
761 1859 858 1886 vero
876 1846 1088 1886 Musarum
1116 1846 1442 1895 proescriptarum
1457 1846 1505 1882 ab

176 1894 385 1935 Hadriano
399 1895 510 1936 Velli
530 1897 822 1947 indulgendum
839 1911 909 1946 pro
928 1907 1114 1946 tempore
1147 1897 1362 1938 dumtaxat
1382 1922 1395 1943 ,
1426 1908 1506 1947 quo

178 1949 388 1994 expletum
402 1975 416 1994 ,
435 1947 743 2000 perfectumque
760 1949 886 1991 fuerit
902 1950 1123 1991 aedificium
1144 1979 1176 1996 .,
1208 1983 1213 1986 ,

129 1996 213 2038 Suc.
233 1999 507 2050 Congregatio
523 2004 584 2039 die
606 2015 664 2045 ις.
685 2004 904 2050 Septembris
929 2007 1041 2048 1764.
1080 2001 1279 2047 rescripsit
1307 2016 1335 2037 ε
1365 2001 1501 2048 Qoad

177 2055 387 2101 emptionem
419 2055 643 2097 omarum,
683 2054 1026 2098 reaedificationem‚
1062 2054 1104 2094 ἶς’
1131 2052 1384 2099 impofitionem
1414 2064 1501 2088 cen-

168 2105 278 2155 suum
295 2130 307 2148 ‚
339 2107 432 2148 &in
448 2118 570 2144 eorum
585 2106 725 2152 desef't'u
757 2105 1002 2145 venditionem
1033 2105 1204 2144 Locorum
1232 2102 1416 2141 Mmtium
1433 2113 1498 2151 pro

168 2158 313 2206 finama
328 2157 521 2201 neceffiiria
536 2166 675 2196 tantum
692 2182 704 2201 ‚
737 2166 799 2204 pro
818 2157 1004 2204 facultate
1021 2158 1176 2193 arbitrio
1196 2156 1276 2192 Eam
1297 2156 1404 2192 vrbis
1424 2158 1497 2192 Vi-

180 2214 276 2250 cart'i
292 2224 369 2248 cura
383 2210 597 2258 obligatione
613 2208 674 2247 vel
693 2210 930 2257 extinguendi
946 2232 960 2252 ,
991 2208 1051 2246 vel
1076 2209 1326 2254 reintegrandi
1354 2207 1494 2253 infra..-

180 2272 314 2310 tempus
331 2263 373 2299 ab
389 2265 509 2301 eodem
524 2263 814 2309 praesiniendum:
841 2261 923 2311 Q
936 2274 1020 2298 vero
1038 2262 1086 2297 ad
1093 2260 1351 2308 figfpetfionem
1368 2260 1500 2305 Miffae-

180 2328 318 2354 rumex
333 2317 465 2363 Legato
496 2313 601 2351 Valli
617 2340 629 2358 ‚
657 2312 803 2364 ejusque
831 2322 965 2362 tempus
982 2336 994 2356 ‚
1019 2314 1169 2350 arbitrio
1194 2313 1275 2350 Ειῖιί
1295 2314 1401 2349 ‘Ursis
1423 2314 1502 2349 Via

183 2371 274 2405 carii
290 2397 300 2408 .
331 2366 373 2404 In
385 2369 532 2416 reliquis
545 2376 699 2416 ponatur
711 2363 848 2412 infolio
867 2394 876 2408 ,

132 2417 403 2466 Impletojam
422 2421 552 2470 quoad
568 2419 746 2467 priorem
766 2426 922 2464 partem
944 2417 1138 2465 rescripto
1159 2416 1245 2459 Stre,
1265 2415 1501 2464 Congrega·

182 2471 307 2509 tionis
327 2497 339 2515 ‚
368 2473 537 2520 superest
569 2483 672 2510 nunc
703 2469 898 2515 inspectio
927 2478 1016 2508 tum
1042 2468 1192 2507 valoris
1224 2467 1497 2509 constituendi

180 2523 401 2562 medietati
416 2524 570 2563 Domus
591 2521 869 2569 provenientis
885 2523 932 2561 ab
951 2521 1194 2560 haereditate
1207 2520 1332 2564 .Velli
1354 2545 1366 2564 ,
1383 2528 1500 2558 tum

180 2575 308 2614 etiam
327 2587 552 2616 annuorum
570 2574 774 2614 fruetuum
794 2585 894 2625 quos
925 2574 1179 2623 praescribere
1214 2584 1436 2627 congruum
1452 2573 1502 2612 sit

182 2640 256 2674 pro
277 2627 423 2666 eodem
442 2629 579 2667 valore
593 2655 605 2666 .
1395 2638 1399 2641 '

128 2677 274 2729 Justam
290 2692 368 2718 nou
384 2681 513 2719 solum
529 2688 647 2730 putat
659 2678 902 2732 Capitulum
920 2677 1236 2731 liquidationem
1255 2676 1293 2720 in
1309 2676 1363 2716 sc.
1382 2681 1497 2719 1800,

1325 2741 1447 2780 quum
