2035 2969
511 170 738 257 {ffesbyteri
759 212 805 240 ex
827 200 1082 247 benignitate
1100 194 1280 235 sodalitii
1300 193 1455 233 admiffi
1474 196 1561 234 sunt
1578 225 1587 235 .
1609 196 1837 235 Odiosum„-

516 263 592 299 hoc
611 282 624 302 ‚
656 268 698 294 ac
717 255 871 292 summe
889 249 1126 295 injuriosum
1141 249 1356 286 decretum
1386 255 1593 284 extortum
1624 249 1730 287 mala
1747 259 1833 289 arte

515 311 632 351 unius
652 318 697 345 ex
716 305 764 343 iis
786 302 1038 351 presbyteris
1056 325 1068 344 ‚
1087 300 1154 349 qui
1175 311 1197 337 a
1213 310 1380 337 munere
1397 301 1599 348 depofitarii
1613 324 1625 342 ‚
1646 302 1752 349 quod
1767 314 1835 350 ge,

515 363 626 402 rebat
645 383 659 403 ‚
689 353 938 401 reiiciendus
953 362 1073 392 antea
1090 350 1170 389 fuit
1190 381 1198 390 .
1232 350 1358 396 Super
1391 353 1465 389 hac
1481 349 1694 401 quaestione
1712 352 1853 414 mults

515 416 604 453 sunt
623 436 636 455 ,
668 409 799 447 multa
828 406 969 444 dicunt
998 430 1011 450 ,
1059 404 1191 442 multa
1217 402 1398 452 allegant
1423 428 1436 447 ‚
1480 402 1532 442 de
1562 403 1706 441 multis
1736 414 1835 454 que-

519 472 688 504 runtur.

464 519 530 559 Ad
547 517 598 557 V.
628 511 797 552 unicum
822 510 980 555 semper
998 506 1209 556 hospitalis
1240 505 1354 546 fuisse
1383 506 1690 547 administrum3
1723 511 1838 545 nom,

516 562 814 607 immutandam
844 563 945 600 hanc
977 558 1315 600 consuetudinem
1349 561 1468 598 Piton.
1487 560 1633 608 discept.
1669 559 1836 607 ecclesly.

518 630 682 660 num.33.
700 615 884 653 Duorum
901 611 1293 653 administrationem
1310 611 1468 649 noxiam
1496 620 1611 651 certe
1628 611 1705 650 effe
1724 622 1839 649 com-

514 669 631 710 muni
656 679 734 707 non
755 666 887 705 adhuc
905 665 1034 705 diviso
1063 663 1339 714 patrimonio,·
1371 663 1485 701 simul
1515 664 1725 703 onerosam
1741 687 1755 707 ,
1787 662 1838 701 ob

518 722 665 771 duplex
680 717 923 766 stipendium
940 717 1117 757 dandum
1133 747 1143 755 .

468 776 534 816 Ad
550 774 624 815 VI.
642 770 860 819 Hospitale
875 770 988 809 nulla
1013 768 1225 808 Ordinarii
1243 767 1489 807 auctoritate
1507 769 1687 807 eret‘tum
1701 795 1710 805 .
1743 767 1842 811 Epi-

520 828 683 873 scopum
702 848 715 868 ‚
743 831 889 871 praeter
918 823 1188 871 visitationem,
1230 822 1267 860 &
1297 822 1534 858 redditionem
1560 823 1706 858 rationis
1737 819 1843 858 acci-

520 876 740 928 piendam,
776 874 877 913 nihil
908 883 1100 922 praeterea
1126 873 1226 918 juris
1256 875 1400 912 habere
1416 873 1579 921 Fagnan.
1608 876 1646 909 in
1659 880 1734 920 cap.
1756 874 1838 909 de..

518 930 679 972 Xenod„
710 927 862 964 Tondut.
895 928 1008 975 quaest.
1037 927 1151 973 benef.
1177 934 1298 974 para.
1335 934 1452 973 cap.1.
1473 934 1553 970 327.
1583 938 1745 964 mtma..
1777 924 1840 962 Ita

515 995 537 1023 a
551 990 719 1020 centum
749 979 861 1026 supra
878 979 992 1017 annis
1011 979 1216 1016 servatum
1231 975 1343 1015 fuisse
1364 989 1372 1014 :
1403 976 1495 1015 hinc
1519 1003 1530 1021 ,
1564 978 1589 1016 si
1608 987 1705 1023 opus
1724 974 1839 1019 effet,

519 1036 645 1074 etiam
660 1029 923 1079 privilegium
961 1029 1230 1077 exemptionis
1262 1029 1444 1077 praesumi
1479 1039 1554 1078 cap.
1574 1043 1651 1067 cum
1680 1031 1724 1065 de
1737 1030 1841 1064 bene-

505 1088 598 1135 ficio
623 1084 875 1132 depraehetldis
909 1087 947 1121 in
959 1087 996 1121 6.
1015 1107 1028 1125 ‚
1059 1085 1152 1120 Rota
1182 1095 1299 1119 coram
1317 1081 1437 1119 Priola
1466 1082 1669 1131 deciJI318.
1701 1093 1839 1126 num.9.

517 1134 750 1177 Convenire
796 1134 895 1180 ipsas
921 1134 1135 1184 synodales
1164 1133 1473 1172 constitutiones
1509 1159 1522 1177 ,
1565 1146 1649 1184 quae
1688 1133 1738 1172 de
1771 1132 1844 1180 offi-

517 1189 668 1231 cialibus
700 1186 874 1236 eligendis
908 1187 1092 1237 quolibet
1124 1198 1227 1225 anno
1259 1186 1362 1224 nihil
1383 1185 1523 1224 dicunt
1540 1211 1552 1230 ‚
1585 1184 1843 1233 approbatio-

518 1254 614 1283 nem
629 1239 887 1280 solummodo
904 1265 917 1284 ,
936 1240 961 1277 si
980 1240 1084 1278 ultra
1102 1250 1250 1277 annum
1270 1246 1503 1282 exerceant,
1520 1237 1732 1288 requirunt
1747 1265 1755 1274 .
1776 1235 1841 1274 De

522 1294 718 1334 cautione
739 1300 878 1331 autem
898 1290 1028 1330 danda
1047 1291 1260 1330 decretum
1281 1289 1450 1328 laudant
1470 1318 1479 1327 .

474 1347 540 1388 Ad
555 1345 650 1384 VII.
670 1343 846 1382 afferunt
873 1342 1150 1381 inventarium
1179 1342 1226 1377 ab
1254 1340 1336 1388 ipso
1357 1341 1552 1388 Episcopo
1583 1338 1844 1379 confec‘tum.»

524 1397 600 1440 effe
619 1398 659 1435 in
677 1397 743 1435 sua
757 1393 990 1434 visitatione
1007 1396 1093 1430 anm·
1114 1395 1225 1437 1761.

470 1451 534 1490 Ad
551 1449 671 1489 VIII.
705 1448 753 1486 de
770 1446 1041 1496 qualitatibus
1058 1442 1384 1488 recipiendorum
1410 1441 1607 1481 sodalium
1638 1442 1733 1482 satis
1754 1454 1847 1491 pro·

525 1503 655 1542 visum
675 1500 713 1536 in
731 1498 886 1544 synodo
903 1496 1085 1543 Episcopi
1101 1495 1317 1532 Castelliin
1334 1503 1451 1540 cap.9,
1469 1503 1506 1536 5.
1526 1496 1586 1531 De
1599 1496 1844 1534 Societatibus

526 1555 699 1592 laicorum
713 1574 726 1592 ‚
743 1551 785 1590 &⁴
799 1547 981 1595 Episcopi
1003 1545 1147 1584 Isolani
1164 1549 1203 1582 in
1219 1554 1317 1593 cap.3
1328 1558 1363 1589 7.
1386 1543 1466 1592 §d-

476 1605 540 1645 Ad
564 1602 637 1641 IX.
668 1599 921 1639 conveniunt
949 1596 1027 1637 esse
1065 1597 1265 1647 cogendas
1296 1595 1632 1647 congregationes
1677 1598 1718 1636 in
1749 1597 1843 1636 loco

527 1670 547 1696 a
564 1652 814 1703 presbyteris
829 1650 1072 1701 designando
1088 1681 1098 1691 .

475 1710 539 1750 Ad
563 1707 612 1748 X.
628 1706 805 1754 denique
831 1713 1081 1753 propugnant
1108 1704 1259 1744 acriter
1291 1716 1368 1742 non
1400 1700 1475 1741 effe
1496 1700 1841 1740 subministrandas

525 1758 722 1807 impensas
744 1756 830 1795 litis
851 1786 860 1795 .
900 1755 1105 1802 Rejeoam
1122 1765 1240 1796 antea
1272 1759 1373 1795 hanc
1389 1754 1635 1802 petitionem
1666 1754 1714 1792 ab
1731 1753 1843 1791 Emi-

526 1810 760 1852 nentiffimo
776 1808 1081 1848 Pro-Auditore
1100 1808 1341 1848 SanCtiffimi
1360 1837 1368 1846 .
1386 1806 1535 1845 Contra
1549 1807 1610 1850 jus
1629 1805 1705 1844 esse
1721 1819 1735 1845 ‚‘
1765 1817 1845 1844 nori

529 1865 637 1904 enim
678 1861 912 1900 hanclitem
932 1862 1127 1908 respicere
1156 1858 1579 1905 utilitatemlocipii.
1611 1857 1845 1896 Abs011um..›

524 1913 712 1967 profecto
742 1939 754 1958 ‚
787 1920 832 1951 ut
862 1926 930 1961 per
959 1913 1164 1958 dispendia
1193 1913 1334 1952 litium
1363 1910 1602 1957 diffipentur
1632 1909 1842 1957 pecuum,

530 1981 616 2019 quae
632 1967 762 2005 solum
780 1963 966 2004 fovendis
979 1990 992 2010 ‚
1022 1977 1068 2004 ac
1087 1965 1314 2004 nutriendis
1332 1962 1499 2002 infirmis
1517 1962 1754 2009 pauperibus
1774 1960 1841 1998 de-

524 2020 677 2058 stinatae
695 2019 785 2056 sunt
800 2046 810 2055 .
842 2018 934 2056 Hoc
949 2029 1095 2056 nomen
1112 2029 1334 2065 pauperum
1359 2016 1407 2053 ad
1425 2014 1584 2052 causam
1599 2038 1612 2057 ‚
1644 2011 1777 2051 veluti
1794 2011 1842 2050 ad

521 2072 697 2113 scenam,
713 2069 850 2108 induci
866 2081 986 2114 nunc,
1000 2078 1046 2109 ut
1060 2069 1234 2109 aliorum
1248 2071 1336 2115 jura
1350 2067 1592 2108 tractentur,
1608 2066 1686 2103 five
1708 2064 1758 2103 de
1773 2065 1838 2109 ju-

525 2122 758 2163 risdictione
777 2121 961 2170 Episcopi
979 2147 992 2167 ,
1008 2123 1088 2162 five
1105 2122 1154 2161 de
1173 2121 1390 2160 commodo
1404 2120 1735 2168 presbyterorum
1755 2145 1764 2155 .

476 2177 631 2217 Contra
658 2184 798 2213 autem
827 2185 1020 2222 pauperes
1037 2199 1049 2219 ‚
1077 2175 1126 2213 ad
1145 2174 1176 2212 I.
1208 2173 1395 2223 inquiunt
1425 2180 1538 2210 certe
1565 2170 1713 2207 claram
1738 2166 1842 2207 effe„-

526 2229 695 2267 literam
713 2226 977 2271 testamenti,
1009 2238 1094 2276 quae
1123 2226 1295 2275 respexit
1323 2220 1676 2264 indiscriminatim
1697 2232 1845 2270 paupe·

529 2291 593 2319 res
610 2279 746 2316 Montis
764 2280 872 2316 Bodii
887 2279 1014 2317 etiam
1033 2278 1210 2316 infirmos
1225 2308 1235 2318 .

475 2333 542 2372 Ad
556 2331 611 2369 11.
628 2331 745 2379 ipsius
758 2330 991 2369 testamenti
1008 2329 1085 2370 effe
1100 2330 1359 2370 clarissimam
1375 2328 1651 2378 legem-atque
1668 2324 1842 2363 alimen-

527 2394 665 2423 torum
680 2382 844 2422 nomine
861 2381 999 2421 venire
1018 2383 1200 2422 medelas
1217 2407 1230 2427 ‚
1244 2383 1404 2431 aliaque
1424 2379 1473 2419 ad
1488 2379 1615 2418 vitam
1634 2377 1843 2416 necessaria

527 2436 680 2474 Lvmus
696 2448 760 2484 43.
789 2435 835 2472 de
850 2436 989 2473 verbor.
1006 2435 1198 2483 signficat.
1216 2464 1226 2473 .
1262 2433 1432 2472 Reditus
1460 2429 1704 2470 sufficientes
1737 2429 1840 2468 esse:

526 2495 667 2535 patere
683 2487 722 2525 id
740 2498 785 2525 ex
801 2486 900 2526 aftis
918 2486 1201 2526 visitationum
1217 2500 1232 2526 2·
1263 2485 1345 2524 imo
1362 2484 1535 2528 majores
1553 2493 1657 2522 nunc
1677 2507 1689 2524 ‚
1723 2494 1844 2530 quam

528 2547 646 2593 antea
664 2563 678 2582 ‚
706 2539 798 2587 quia
815 2539 1044 2587 presbyteri
1061 2537 1245 2578 Oratorii
1260 2537 1435 2576 ecclefiae
1451 2545 1573 2574 onera
1591 2559 1603 2578 ‚
1636 2546 1720 2587 quae
1738 2533 1846 2572 haud

529 2589 689 2628 modica
710 2599 825 2629 erant
840 2616 853 2635 ,
871 2591 1046 2638 implent
1061 2618 1072 2630 .

480 2640 544 2682 Ad
564 2638 635 2677 111.
653 2641 968 2695 consentaneum
1001 2639 1079 2682 esse
1095 2641 1309 2684 decretum
1323 2639 1520 2680 honestati
1535 2661 1548 2682 ‚
1580 2646 1703 2689 atque
1718 2639 1848 2678 etiam

534 2691 741 2732 voluntati
767 2693 991 2732 testatoris.
1738 2739 1759 2779 d
1781 2737 1837 2776 IV
