1981 2964
573 178 605 202 1.
623 165 822 203 Februarii
840 168 952 212 1766.
1426 181 1472 215 27

149 217 252 266 censis
271 220 309 253 in
323 216 510 266 Hzspania
525 217 778 265 Tarraconenst
800 244 810 262 ,
844 219 1018 268 quicum
1036 215 1128 254 aliis
1145 241 1157 261 ‚
1192 230 1293 268 quos
1310 220 1481 259 ecclefia

154 269 520 314 habet,inserviret
535 271 739 319 praecipuo
770 271 904 309 cultui
930 268 1170 308 Sanfflffimi
1207 271 1482 319 sacramenti,

156 322 263 373 quod
280 321 466 372 quotidie
484 322 536 359 ibi
558 335 651 361 cum
671 323 844 362 maxime
875 321 1076 361 laudanda
1095 322 1255 368 pietate
1287 325 1478 374 publice)

159 375 413 414 adorandum
432 375 650 421 exponitur
670 401 682 420 ‚
704 376 742 415 &
762 375 1043 424 cuicapellani
1060 386 1132 423 pro
1146 376 1214 414 suo
1230 388 1403 418 munere
1418 377 1479 416 al-

159 428 290 466 ternis
311 427 418 464 horis
438 425 612 465 affistunt
635 457 644 466 .

110 480 231 519 Onus
246 479 399 524 adjecit
418 479 649 518 celebrandi
669 482 858 519 duodecim
875 481 989 529 fiacra
1006 480 1191 532 quolibet
1225 492 1332 522 anno
1361 489 1478 521 certo

161 532 227 571 die
243 533 440 582 cujusque
456 533 597 570 menfis
615 542 703 581 :per
720 534 755 570 la
765 534 888 580 fatica
901 560 913 578 ,
930 535 975 570 ed
992 534 1188 583 afflsteanz,
1206 536 1272 571 che
1290 538 1381 573 deve
1395 544 1480 584 pre-

155 586 255 635 stare
272 583 616 622 alternati-umente
632 585 818 634 cogl'altri
845 586 883 622 al
900 586 1012 634 nostro
1029 588 1134 624 Iddio
1150 612 1161 629 ‚
1188 601 1206 623 e
1231 590 1391 637 Signere
1407 612 1420 631 ‚
1455 587 1486 624 il

165 639 263 674 detto
281 638 500 686 cappellano,
519 640 623 674 abbia
640 652 659 673 a
669 640 820 686 godere,
839 653 856 675 e
865 640 960 686 goda
977 648 1070 676 tutto
1085 639 1217 687 quello,
1239 643 1302 678 che
1320 641 1480 678 annual-

165 691 515 737 mentefrutteramlo
542 690 570 726 li
585 692 677 726 detti
692 691 761 727 due
781 691 879 727 mille
890 700 1012 738 pezze
1041 693 1088 728 da
1110 697 1193 730 128.
1227 697 1348 741 quarti
1371 693 1485 739 fondo

160 743 375 793 principale,
383 743 431 790 [ἰ
448 742 679 788 qualefaccia
695 743 1046 791 questafondazione
1061 767 1072 785 ‚
1089 745 1152 780 che
1167 758 1323 792 vengono
1342 747 1391 781 ad
1402 745 1486 793 effit-

164 810 203 833 re
226 796 254 832 li
268 794 366 831 mille
383 819 395 837 ,
428 796 490 831 che
515 804 582 843 per
599 793 792 841 tal'effetto
806 795 913 843 lascio'
928 796 958 832 il
970 796 1149 843 miofiglio
1166 820 1178 838 ,
1196 797 1280 845 egli
1299 797 1387 834 altri
1407 797 1488 835 mil·-

166 847 200 883 le
211 873 222 891 ‚
255 848 318 883 che
334 849 367 883 io
383 856 547 883 aumento
564 872 575 890 ‚
608 862 626 884 e
642 846 703 884 nel
716 848 792 895 casb
808 873 820 891 ,
851 848 913 884 che
926 849 1023 884 detto
1043 849 1244 895 cappellano
1260 851 1388 898 nansia
1415 850 1484 898 sa-

165 900 307 937 cerdote
323 924 336 942 ‚
354 912 370 934 o
387 898 561 945 effendolo
576 913 644 936 non
655 899 751 948 poffa
763 909 828 947 per
844 899 994 948 qualche
1010 900 1286 948 indispffizjone
1319 901 1488 940 celebra·

163 964 202 988 re
212 950 323 999 perse
335 951 453 999 ipsam
466 950 499 987 le
511 953 610 989 dette
628 951 732 999 meffe
746 951 803 988 κε’
814 955 939 998 giorni
953 952 1123 998 destinati
1139 977 1152 995 ‚
1166 954 1196 988 s'
1213 956 1366 990 intenda
1399 968 1490 992 aver

161 1004 340 1050 adempito
358 1016 420 1040 con
429 1002 530 1048 farle
546 1004 726 1041 celebrare
742 1004 792 1039 ad
801 1017 848 1039 un
862 1004 954 1041 altro
959 1004 1165 1052 sacerdote,
1181 1007 1221 1041 di
1237 1009 1406 1042 maniera
1424 1009 1490 1044 che

157 1065 222 1105 per
236 1055 358 1102 neffun
366 1055 513 1104 pretello
530 1055 659 1104 lasciuo
677 1057 716 1093 d}
733 1056 912 1093 celebrare
930 1086 939 1095 .

112 1106 177 1157 Jus
192 1108 427 1146 nominandi
443 1108 625 1156 capitulo
642 1108 808 1148 Lucensi
828 1108 945 1147 dedit
959 1122 973 1148 ‚·
991 1109 1221 1148 nominavit
1240 1119 1381 1149 autem
1401 1111 1483 1157 ipsa

159 1162 370 1198 Antonium
390 1161 513 1198 Frieto
531 1160 729 1199 clericum
761 1173 782 1198 e
814 1163 962 1199 Carom‘o
991 1163 1270 1211 Compostellanae
1298 1165 1450 1212 diaecesis
1471 1188 1484 1208 ,

162 1213 229 1253 cui
246 1224 346 1251 onus
364 1211 560 1251 refidendi
576 1214 730 1251 remisst
744 1225 812 1260 per
828 1214 1060 1252 sexennium
1080 1240 1092 1258 ‚
1124 1223 1168 1253 ut
1198 1216 1236 1252 in
1270 1216 1395 1253 studia
1427 1216 1486 1253 in·-

166 1267 377 1306 cumberet
398 1291 410 1309 ‚
426 1276 469 1303 ac
487 1264 534 1303 ad
553 1265 823 1304 sacerdotium
843 1276 1154 1312 promoveretur
1169 1296 1178 1305 .
1214 1267 1490 1306 Medietatem

164 1317 372 1358 redituum
407 1317 445 1355 ei
477 1316 594 1355 dedit
627 1342 639 1361 .‚
673 1330 793 1366 quem
822 1317 979 1356 interea
1008 1318 1237 1363 capitulum
1269 1319 1492 1365 deputaret

169 1369 220 1409 ad
241 1367 542 1407 inserviendum
572 1379 636 1418 per
663 1379 825 1419 rapporto
842 1370 904 1406 all’
925 1372 1067 1420 affistere
1083 1396 1095 1416 ‚
1128 1374 1172 1408 ed
1185 1372 1366 1412 alrernare
1395 1372 1487 1420 cogli

177 1422 266 1460 altra·
283 1421 482 1471 cappellani
496 1420 781 1472 nell’affistenz,‹1‚·
802 1422 1073 1462 medietatem
1094 1436 1190 1461 vero
1207 1424 1331 1462 aliam
1357 1427 1494 1462 Anto-

170 1474 254 1516 nit),
272 1474 334 1511 che
353 1487 372 1511 a
390 1483 470 1524 capo
485 1475 545 1510 dei
562 1476 724 1523 dettisei
739 1479 826 1512 anni
838 1480 932 1512 entri
946 1491 966 1512 a
980 1477 1113 1523 godere
1126 1476 1152 1512 l’
1175 1479 1305 1513 zntiero
1325 1476 1492 1523 frustata

167 1526 263 1564 delle
283 1528 424 1571 risertte
441 1527 512 1564 dae
526 1527 625 1566 mille
636 1537 772 1575 pezze,
789 1529 834 1563 ed
848 1529 1018 1575 aser-vire
1030 1537 1094 1576 per
1103 1528 1144 1575 se
1160 1528 1274 1576 ipsura
1296 1529 1331 1564 la
1348 1529 1490 1578 cappel-

169 1579 269 1617 lania
285 1589 385 1616 tanto
400 1577 458 1615 nel
470 1580 624 1627 presiare
639 1580 675 1617 la
685 1581 756 1626 sua
771 1580 953 1628 affi'stenzfl
968 1580 1312 1618 alternativameuce
1344 1595 1363 1618 a
1381 1583 1493 1630 nostro

167 1634 324 1680 Sigaezore
339 1634 612 1678 sagramentum
634 1657 645 1675 ‚
677 1646 771 1669 come
788 1631 850 1669 nel
866 1634 946 1670 dire
964 1659 975 1677 ‚
995 1633 1084 1680 osar
1103 1634 1182 1670 dire
1194 1633 1227 1670 le
1247 1634 1370 1672 dodi-ci
1387 1633 1493 1683 meffe

170 1684 246 1722 dell
251 1685 351 1721 'anno
365 1685 421 1720 ne’
441 1686 546 1720 citati
564 1687 814 1733 dodicigiorni
827 1686 995 1733 destinati
1012 1716 1021 1725 .

119 1737 365 1777 Declaravit
383 1735 545 1774 demum
564 1762 576 1779 ‚
608 1738 714 1787 quod
742 1738 1002 1786 Antoniusse
1025 1738 1226 1787 ascendeffe
1253 1740 1290 1777 al
1305 1741 1422 1788 grado
1449 1741 1491 1777 di

166 1799 297 1841 paroco
312 1814 325 1834 ‚
353 1789 531 1838 opaffitffle
559 1792 607 1826 ad
632 1791 727 1829 altra
756 1790 977 1840 cappellania
994 1817 1007 1835 ‚
1038 1805 1054 1828 o
1072 1791 1165 1830 altro
1181 1796 1330 1842 impiego
1347 1819 1359 1837 ‚
1392 1794 1492 1830 che.)

164 1843 221 1893 gl’
239 1843 432 1891 impedisca
446 1841 673 1894 l’affi'steaza,
690 1859 708 1882 e
720 1845 909 1893 restdenza
926 1844 1024 1881 della
1042 1845 1264 1895 cappellania
1285 1848 1332 1882 da
1347 1845 1490 1892 meson-

174 1897 262 1933 data
278 1920 290 1940 ‚
307 1896 336 1932 s'
356 1897 504 1933 intenda
524 1899 635 1947 restar
664 1909 820 1936 vacante
837 1922 850 1942 ‚
876 1912 895 1935 e
910 1896 1042 1936 l’lllffqo
1075 1900 1233 1948 Capitale
1250 1924 1260 1943 ,
1299 1912 1393 1936 come
1422 1900 1495 1937 Pa-

173 1958 271 1985 trono
289 1952 326 1985 in
343 1948 505 1996 filiclam
519 1975 531 1993 ‚
561 1953 607 1988 ed
634 1951 780 1998 afflluta
795 1975 806 1993 ‚
824 1951 921 2000 possa
953 1955 1137 1988 nominare
1169 1951 1260 1988 altro
1294 1951 1493 1999 capellana,

172 2003 236 2039 che
251 2001 409 2049 laser-va
427 2026 438 2044 ‚
455 2004 559 2050 quale
576 2018 642 2041 non
657 2004 794 2052 effendo
807 2005 998 2052 sacerdote
1008 2005 1104 2052 possa
1132 2006 1320 2052 ordina-sſs,
1338 2019 1356 2040 e
1371 2003 1472 2048 ¹ascen
1484 2023 1495 2031 -

172 2056 258 2091 dere
273 2054 310 2089 al
323 2055 517 2102 dettostato
534 2070 554 2092 a
569 2057 669 2092 titolo
685 2059 725 2091 di
738 2056 857 2105 quella
874 2082 885 2098 ‚
903 2070 921 2092 e
935 2056 1078 2102 losteffi)
1093 2056 1271 2103 eseguzsfca
1302 2060 1339 2091 in
1356 2065 1492 2092 tutte-2

174 2105 208 2142 le
226 2117 390 2147 vacanze
409 2131 419 2148 ,
437 2108 575 2154 cheper
593 2110 726 2144 obitum
740 2133 751 2150 ‚
773 2122 789 2142 a
804 2117 868 2154 per
880 2106 1257 2154 alleaerfumsuccedino
1274 2135 1282 2144 .

126 2163 310 2196 Antonius
331 2160 595 2206 compostellam
618 2159 840 2197 studiorum
872 2158 988 2196 causa
1024 2159 1146 2205 petiit
1166 2171 1174 2195 2
1202 2157 1267 2196 sed
1303 2156 1496 2195 defuneto

176 2221 287 2258 patre
307 2211 546 2257 remigravit
566 2212 603 2249 in
623 2211 795 2258 patriam
812 2237 825 2254 ‚
846 2220 888 2248 ut
911 2210 1020 2257 inopi
1039 2211 1160 2248 matri
1181 2239 1190 2248 .
1222 2221 1267 2247 ac
1285 2222 1418 2257 parvae
1440 2211 1498 2248 so-

176 2263 284 2306 rori,
305 2275 389 2313 quae
409 2264 444 2298 in
462 2260 619 2301 familia
639 2263 728 2300 sunt
746 2286 758 2305 ‚
793 2263 1015 2311 praefidinm
1036 2288 1048 2307 ,
1066 2272 1189 2312 atque
1207 2275 1329 2310 opem
1349 2260 1497 2302 ferrem

179 2314 312 2363 ibique
332 2328 378 2353 ea
411 2314 460 2353 de
479 2315 595 2353 causa
623 2324 807 2353 moratur
823 2338 836 2357 ‚
865 2316 949 2360 jam
984 2315 1022 2352 in
1044 2316 1255 2364 societatem
1284 2315 1371 2352 cleri
1387 2315 1496 2353 eius-

183 2365 274 2403 dem
292 2367 371 2405 loci
387 2367 610 2415 adscriptus
626 2397 635 2406 .

132 2418 391 2464 Supplicavit
408 2428 641 2467 propterea,
659 2427 703 2457 ut
722 2419 1002 2467 indulgeretur
1018 2419 1064 2458 ad
1079 2421 1270 2466 Lucensem
1286 2418 1501 2458 ecclesiam

181 2480 257 2506 non
276 2470 331 2508 ire
348 2496 360 2514 ,
381 2471 580 2519 deputato
598 2471 679 2509 alio
697 2471 773 2509 suis
794 2471 979 2516 impensis
996 2497 1007 2515 ‚
1037 2471 1103 2522 qui
1123 2484 1247 2510 onera
1265 2471 1496 2518 capellaniae

181 2519 371 2568 impleret
388 2552 396 2561 .
414 2521 587 2562 Remiffo
603 2524 651 2561 ad
674 2524 760 2561 Sac.
777 2523 1150 2572 Congregationem
1186 2523 1358 2572 negocio
1378 2549 1389 2567 ,
1422 2523 1503 2562 dno

181 2583 225 2611 ex
244 2573 383 2612 ordine
400 2575 639 2618 disputanda
659 2576 748 2613 sunt
768 2575 795 2612 Ι.
814 2587 861 2613 an
881 2577 1110 2623 capellania
1129 2576 1176 2613 ab
1194 2575 1326 2623 Ursula
1340 2575 1497 2613 institu-

174 2633 215 2663 ta
242 2627 316 2663 hoc
348 2627 480 2674 reapse
510 2640 587 2666 non
618 2627 829 2674 prohibeat
853 2627 905 2666 ΙΙ.
941 2639 988 2664 an
1017 2627 1307 2676 indulgendum
1342 2627 1387 2665 fit
1403 2640 1494 2665 om-

169 2676 211 2713 ni
237 2676 374 2767 casuffd
390 2688 433 2715 ut
465 2680 654 2719 Antonias
685 2691 731 2720 ex
753 2679 1028 2729 peculiaribus
1045 2705 1057 2724 ,
1089 2692 1185 2732 quas
1200 2678 1315 2719 affert
1331 2706 1342 2722 ‚
1363 2682 1489 2719 caufis

176 2741 254 2767 non
278 2741 316 2768 re
336 2741 347 2769 1
381 2738 448 2769 eat
463 2758 472 2769 .

227 2782 320 2820 Tora.
342 2783 511 2826 XXXV.
946 2784 985 2823 D
1017 2796 1035 2821 2
1439 2784 1504 2824 Ad
