2035 2969
517 90 586 184 gear
615 128 818 181 aecrqfhere
828 149 843 174 ς
880 139 900 169 e
910 135 1118 180 promovero
1128 125 1409 178 maggiomeme
1437 127 1469 166 1⁸1
1480 126 1575 166 culto
1591 149 1604 173 ‚
1631 139 1651 165 e
1657 129 1782 177 gloria
1812 113 1857 163 di‘

519 188 598 226 Dio
614 200 634 222 a
643 186 777 232 favore
795 185 836 220 di
852 183 924 230 effa
939 182 1077 232 capella
1093 207 1105 225 ‚
1133 184 1176 224 ’ἐφ
1190 186 1228 219 in
1235 182 1405 229 servizio
1420 181 1520 232 degli
1534 183 1743 229 abitancistc
1756 181 1851 218 detti

518 242 557 277 in
578 240 679 276 dette
695 236 789 275 valli
801 237 841 272 di
855 237 946 284 Saffi
960 260 973 279 ‚
986 249 1005 272 e
1022 236 1187 282 Superga
1204 263 1214 273 .

460 289 815 331 Considerandum
828 310 844 331 ‚
873 286 981 337 quod
1013 286 1167 324 nullam
1196 285 1400 324 rationem
1433 284 1574 323 habuit
1603 287 1721 325 lrenes
1767 286 1851 327 de,

521 341 825 390 longinquitate
839 362 854 382 ‚
881 340 919 378 ὃς
933 337 1119 377 distantia
1138 337 1300 376 itineris
1330 336 1379 376 ad
1395 337 1609 376 ecclefiam
1627 349 1745 385 paroc
1755 337 1850 378 hia-

519 394 607 434 lem
625 418 634 430 .
650 390 982 435 Ponderandum,
1000 402 1096 428 num
1112 389 1315 441 gener-alis
1332 390 1437 427 ratio
1454 389 1627 438 augendi
1648 391 1850 439 frequen-

521 444 627 484 tiam
645 442 820 482 ecclefiae
838 442 1085 490 parochialis
1102 468 1113 487 ‚
1129 440 1292 481 fortaffe
1311 444 1451 490 probet
1469 440 1588 480 nimis
1603 467 1616 486 ‚
1636 454 1684 483 ne
1700 443 1858 485 omnia.

520 509 607 547 quae
623 493 945 543 frequentiffima
975 495 1123 546 ubique
1151 495 1241 533 sunt
1260 494 1298 532 in
1317 493 1421 542 agris
1438 519 1450 539 ,
1479 494 1518 533 ὅ(
1533 494 1645 533 villis
1672 492 1858 534 oratoria

520 547 798 587 destituantur
817 574 827 585 .
859 545 1066 587 Conceffit
1096 549 1165 586 has
1182 546 1471 586 translationes
1502 544 1862 597 Sac.Congregat.·

521 599 742 649 aliquando
771 607 940 649 urgente
956 600 1074 638 causa
1091 599 1284 638 canonica
1315 610 1324 636 :
1351 606 1422 637 aut
1451 597 1477 636 fi
1495 596 1762 638 fundatorum
1781 610 1857 637 νο·

523 652 660 692 luntas
677 651 864 701 ambigua
879 677 893 696 ‚
913 652 982 692 vel
1002 664 1080 691 non
1095 651 1263 690 omnino
1279 650 1481 690 contraria
1499 649 1538 689 id
1557 649 1858 691 tolerandum-fl

524 703 716 743 suaderet
733 734 743 743 .
763 703 1005 753 Aliquando
1033 702 1253 753 denegavit
1287 710 1428 751 aperte
1444 731 1454 741 .
1486 701 1652 742 Servata
1687 703 1854 749 semper

524 767 727 795 canonum
748 757 888 804 regula
908 781 921 800 ‚
953 769 1036 806 quae
1048 757 1188 806 regula
1216 756 1268 794 est
1285 764 1398 794 certa
1415 756 1570 801 semper
1585 779 1600 800 ,
1627 754 1857 805 spee‘tandae

526 819 661 847 rerum
683 808 993 847 circumstantiae
1020 808 1227 847 interdum
1255 808 1345 847 sunt
1362 836 1372 847 .
1407 807 1485 848 ΕΒ.
1501 806 1575 844 ΡΡ.
1605 806 1656 846 de
1670 806 1732 845 his
1749 831 1762 852 ‚
1799 804 1858 845 de:

525 860 671 910 quibus
687 861 810 900 modo
825 859 977 908 agitur,
995 859 1315 910 prudentiffime‚
1335 859 1501 910 perinde
1519 884 1532 906 ‚
1551 870 1597 897 ac
1614 859 1763 905 solent,
1779 869 1856 897 coen

529 913 727 960 gnoscent
741 942 752 952 .
769 912 933 952 Petitur
1613 918 1616 922 ·

479 964 550 1011 Ap
557 963 607 1014 fit
629 963 724 1002 locus
739 965 963 1013 translationi
975 968 1088 1003 oneris
1106 964 1296 1014 miffizrtaem
1319 966 1367 1003 ad
1380 964 1560 1012 ecclesiam
1576 964 1851 1017 parocbiqlena'

585 1017 630 1059 S.
645 1017 779 1056 Mariae
794 1019 833 1055 in
848 1017 963 1056 Saxis
974 1038 988 1060 2
1003 1020 1043 1054 in
1056 1018 1140 1066 casu
1157 1019 1232 1062 &a

124 1279 292 1328 Sess222.
319 1283 438 1334 capas,
568 1278 826 1320 UGUBINA
842 1309 852 1320 .
882 1281 1003 1321 Anno
1020 1284 1132 1328 1644.
1152 1284 1334 1320 Horatius
1352 1281 1477 1317 Mzria
1496 1280 1688 1318 Ondedeus
1710 1279 1852 1328 Eugu⁴

100 1334 147 1375 de
158 1334 318 1382 Reform.

581 1331 697 1369 binus
715 1331 891 1381 quinque
909 1332 1157 1376 capellanias
1177 1339 1391 1378 perpetuas
1414 1331 1585 1378 Eugubii
1622 1332 1660 1367 in
1680 1331 1852 1369 ecclesia

528 1384 574 1421 B.
591 1383 725 1420 Mariae
743 1383 913 1428 Virginis
944 1383 989 1418 de
1008 1381 1198 1428 Confalone
1216 1381 1314 1419 della
1330 1379 1496 1428 Biagiola
1526 1380 1604 1418 suis
1622 1381 1734 1418 bonis
1753 1393 1853 1419 con-

528 1433 748 1473 stituendas
762 1431 871 1477 Juffit
886 1458 899 1478 ,
916 1434 1028 1478 „dato
1045 1434 1267 1471 haeredibus
1283 1434 1370 1476 jure
1387 1432 1623 1470 nominandi
1644 1457 1656 1475 ‚
1687 1447 1748 1471 con
1764 1446 1854 1483 que-

521 1486 576 1534 sto
584 1488 671 1535 perb
685 1510 699 1529 ·‚
715 1486 803 1524 chei
822 1484 1021 1534 cappellani
1037 1486 1160 1521 abhino
1175 1499 1196 1521 a
1210 1483 1317 1531 effere
1333 1486 1454 1520 nativi
1472 1485 1510 1519 di
1528 1485 1669 1520 Guiahio
1684 1513 1694 1522 .

476 1535 599 1576 Anno
621 1543 735 1585 1762.
752 1536 896 1586 Maffius
913 1539 1015 1574 eima
1029 1534 1276 1585 Cingulanus
1305 1534 1475 1579 suojure
1495 1534 1584 1572 usus
1616 1535 1849 1574 nominavit

526 1589 579 1629 ad
596 1598 812 1629 vacantem
850 1600 968 1628 unam
983 1588 1181 1627 clericum
1200 1586 1434 1625 Benediffum
1464 1587 1681 1623 Brunettum
1710 1600 1731 1625 e
1747 1587 1852 1625 villa

522 1640 682 1696 Petrojae
696 1668 708 1687 ,
744 1653 831 1692 quae
847 1642 1038 1680 ostavum
1054 1640 1232 1688 lapidem
1246 1652 1268 1678 a
1284 1638 1456 1678 civitate
1474 1637 1682 1686 Eugubina
1701 1650 1851 1677 nume-

526 1702 590 1733 rat
607 1722 620 1734 .
664 1694 884 1744 Episcopus
911 1692 1144 1742 Eugubinus
1177 1690 1447 1739 capellaniam
1481 1690 1692 1728 nominato
1724 1690 1849 1730 dedit:

527 1747 707 1793 primum
721 1770 736 1790 ,
757 1744 903 1784 deinde
930 1745 979 1784 'ad
992 1756 1086 1785 eum
1117 1744 1290 1783 titulum
1319 1741 1502 1797 ordinem
1533 1741 1849 1782 subdiaconatus

525 1796 707 1837 contulit
719 1825 731 1835 .
749 1796 957 1836 Increbuit
974 1797 1068 1837 hinc
1085 1808 1220 1835 rumor
1233 1795 1342 1833 male
1361 1805 1499 1832 omma
1515 1794 1618 1843 gesta
1638 1792 1851 1844 effe,quia.

525 1849 748 1889 secundum
764 1848 898 1897 legem
916 1848 1148 1889 testamenti
1166 1845 1398 1897 expressam,
1413 1845 1585 1901 Eugubii
1601 1854 1739 1885 ortum
1768 1859 1851 1887 non

525 1901 726 1941 habuerat
743 1902 939 1939 Brunettus
957 1924 970 1945 ‚
989 1902 1057 1953 qui
1074 1901 1165 1940 ideo
1181 1900 1434 1947 Sanfliffimum
1449 1896 1553 1934 adut
1567 1920 1580 1940 ,
1612 1906 1657 1935 ut
1674 1899 1848 1937 saltem...

524 1961 575 1992 ex
601 1952 824 2003 privilegio
839 1953 1111 2002 capellaniam
1139 1951 1316 1993 retinere
1335 1945 1460 1999 posset
1478 1971 1493 1992 ‚
1517 1960 1567 1987 ne
1583 1948 1851 1997 suspendere-

523 2009 593 2043 tur
608 2005 830 2094 affluscepto
846 2004 991 2045 ordine
1009 2035 1020 2045 .
1053 2006 1128 2045 Rei
1143 2002 1327 2055 cognitio
1356 2000 1405 2041 ad
1420 2000 1458 2039 S.
1472 1999 1846 2052 Congregationem

525 2056 628 2096 remi
664 2069 684 2095 a
705 2057 758 2096 est
771 2085 782 2095 .

473 2104 616 2158 lnquit
632 2111 830 2148 Brunettus
861 2110 900 2149 se
916 2109 1108 2161 legitime
1124 2108 1325 2149 nominari
1355 2104 1527 2157 potuisse
1541 2130 1554 2150 ‚
1572 2106 1672 2147 licet
1689 2107 1727 2146 in
1744 2107 1847 2147 civi-

524 2168 613 2200 tate
644 2173 724 2200 non
742 2170 861 2200 natus
891 2173 985 2201 cum
1015 2174 1060 2201 ex
1077 2164 1177 2208 juris
1192 2170 1332 2212 aperta
1346 2160 1551 2200 sanstione
1568 2158 1749 2199 civitatis
1765 2173 1841 2198 no-

522 2212 636 2253 mine
665 2213 837 2253 veniant
868 2215 936 2264 qui
963 2213 1004 2251 in
1033 2214 1248 2253 territorio
1263 2239 1278 2261 ,
1311 2213 1475 2262 ejusque
1508 2211 1620 2261 pagis
1638 2238 1651 2259 ‚
1680 2213 1717 2252 8<
1735 2211 1839 2251 vicis

524 2264 616 2303 sunt
630 2293 640 2303 .
656 2267 831 2304 Gratian.
846 2265 893 2303 de
904 2268 1025 2304 Marc.
1040 2270 1107 2312 96.
1125 2268 1254 2316 capon.
1271 2266 1446 2315 disrepta
1457 2278 1469 2301 i
1482 2274 1516 2306 5.
1531 2263 1615 2303 Rot.
1632 2278 1749 2303 coram
1763 2267 1855 2311 Ζτι-εἶ

522 2326 594 2356 rat.
608 2318 787 2366 decifizz.
801 2331 942 2357 numa.
960 2319 1056 2367 apud
1069 2318 1264 2357 Monacell.
1271 2318 1380 2365 form.
1394 2316 1503 2366 legal.
1517 2318 1628 2366 praei.
1644 2327 1768 2356 tom.2.
1798 2321 1838 2354 in

524 2369 673 2417 append.
689 2369 867 2419 decifi49.
887 2383 1029 2409 numa.
1048 2394 1061 2415 ‚
1075 2370 1114 2410 ὃς
1130 2370 1279 2409 clarius
1296 2374 1333 2408 in
1352 2372 1502 2408 Recent.
1518 2369 1649 2418 decifii
1660 2375 1722 2408 88.
1741 2383 1838 2414 na..

526 2421 572 2462 Φ·
587 2432 622 2462 3.
637 2430 802 2469 part.x7.
820 2447 833 2467 ‚
850 2424 894 2466 (β’
907 2423 1112 2470 decasfi327.
1131 2436 1252 2461 numa
1264 2436 1298 2462 a.
1314 2424 1438 2460 eadem
1449 2430 1553 2469 parte
1569 2450 1579 2459 .

474 2469 616 2510 Multo
630 2475 775 2522 magis,
791 2474 886 2523 qnia
904 2475 1071 2514 testator
1086 2475 1189 2513 dixit
1202 2476 1242 2511 di
1255 2476 1398 2513 Gubbio
1412 2497 1424 2517 ‚
1451 2484 1531 2522 quo
1546 2474 1635 2512 casu
1650 2476 1840 2515 certum

526 2520 602 2578 effe
616 2527 906 2572 comprehendi
933 2538 1021 2572 eos,
1037 2526 1144 2577 quie
1159 2526 1371 2565 territorio
1399 2526 1491 2564 sunt
1508 2536 1556 2564 ex
1571 2527 1722 2566 celebri
1742 2527 1838 2567 Bar-

521 2573 603 2611 toh
630 2574 884 2618 distinetione
914 2578 956 2617 in
983 2578 1053 2618 1.1.
1069 2587 1108 2623 5.
1127 2579 1255 2631 Qum
1282 2580 1389 2617 vrbis
1418 2589 1502 2616 num
1526 2592 1540 2616 ι
1553 2592 1585 2617 1.
1609 2579 1652 2628 ff
1668 2582 1712 2619 de
1728 2580 1837 2629 officio

519 2624 682 2675 tvaesaeffi
724 2629 835 2669 vrbis
860 2654 877 2679 ,
920 2642 1043 2683 quam
1085 2639 1254 2685 exornat
1291 2630 1389 2682 Rota
1433 2631 1595 2683 decifi48
1597 2645 1638 2682 9.
1681 2645 1767 2672 num
1782 2635 1842 2674 6..
1885 2638 1888 2662 ι

1739 2687 1847 2730 Ε’ΥῚν
