1986 2996
663 120 725 153 31.
741 109 842 164 Maj'
827 127 840 148 ι
871 111 983 157 1766.
1408 129 1450 152 n

176 160 436 209 calaguritana
452 159 722 211 dispensationis
759 167 792 202 8.
813 166 980 215 Augusti
1011 168 1157 212 1761,
1187 166 1406 204 Υνὶιίιηεὶηα
1423 131 1487 205 εἰ·

166 214 333 263 pellaniae
372 228 431 262 29.
447 216 609 266 Augusti
633 213 794 268 ejusiem
808 222 894 254 anni
918 246 927 255 .
968 217 1030 256 De
1059 217 1231 257 materia
1259 217 1404 258 eadem
1432 221 1486 259 est

162 265 295 314 fhlium
318 279 357 304 ln
377 270 421 306 ci
425 271 554 305 vitam
571 269 713 318 castelle·
733 283 764 307 1.
785 267 980 307 Februarii
998 271 1113 317 hujus
1128 269 1250 309 anni.

119 314 459 379 Perpendendum
474 333 522 359 an
542 333 562 359 a
579 322 713 362 mense
730 321 866 371 Aprili
880 321 973 360 anni
992 320 1219 369 praeteriti,
1250 334 1329 373 quo
1342 321 1483 371 capel-

166 372 274 410 lania
302 372 464 411 vacavit
482 400 494 419 ‚
521 374 584 419 jus
603 373 837 413 nominandi
869 374 924 413 ita
944 375 981 412 in
999 375 1241 424 Episcopum
1257 376 1395 423 reapse
1422 386 1484 413 re-

168 423 320 463 ciderit
353 419 496 470 illim,
520 434 565 464 ut
595 428 810 464 Laurentius
839 427 1004 485 incapax
1033 427 1299 481 expec‘tandus
1326 440 1403 467 non
1429 427 1486 466 es-

170 477 261 521 set,
295 474 417 527 quiin
435 480 518 517 solo
550 478 723 528 septimo
750 479 882 518 aetatis
899 492 1003 518 anno
1029 489 1143 524 erat,
1175 493 1221 519 ac
1246 477 1388 525 literas
1414 492 1486 519 ne-

166 528 317 568 sciebat
334 555 347 574 ‚
376 543 468 569 cum
487 531 774 570 tantummodo
792 533 928 571 mense
955 533 1158 581 Septembri
1184 542 1406 595 praeceptor
1435 532 1485 571 de

159 593 242 680 eso
226 583 391 620 testatus
409 581 535 622 tuerit
564 587 669 622 viene
684 584 838 633 ascuola
854 585 902 622 da
917 599 971 622 me
983 610 996 630 ,
1024 599 1042 623 e
1056 588 1226 623 comincia
1239 600 1260 625 a
1277 585 1417 634 leggere
1434 609 1447 630 ‚
1464 597 1484 622 e

188 647 250 671 cri·
248 647 356 674 Uere.

112 665 422 726 Ponderaudum
454 700 503 726 an
533 688 690 738 aliquid
704 686 857 732 facin,
890 688 997 741 quod
1029 702 1107 728 non
1124 695 1267 738 agatur
1295 689 1346 728 de
1363 687 1483 727 venia

162 737 422 778 concedenda
436 743 484 778 ob
503 739 848 789 impedimentum
867 741 969 791 legis
987 766 1001 787 ,
1017 741 1083 781 sed
1100 744 1151 782 ob
1169 740 1398 781 voluntatis
1412 740 1486 779 ob-

160 792 357 829 staculum
375 818 386 837 ‚
402 805 485 842 quae
502 794 796 832 commutanda
811 794 888 839 fit.

109 841 426 888 Advertendum
443 870 455 889 ,
471 857 519 883 an
538 847 704 884 testator
731 845 771 884 in
788 836 984 894 superiori
1003 846 1139 894 capite
1156 844 1390 903 testamenti
1404 844 1460 884 al
1450 857 1485 882 1-

159 907 238 945 quo
254 896 375 934 modo
393 895 742 946 discriminaverit
772 898 1046 936 exclufionem
1075 897 1191 937 unius
1228 911 1274 938 ex
1303 898 1382 945 ipsa
1411 897 1485 936 dc-

161 947 391 986 scendentia
411 941 562 987 favore
591 949 763 987 alterius
794 948 1094 990 descendentis
1104 973 1118 992 ‚
1151 951 1198 988 ab
1227 948 1483 988 exclufion„

157 1000 343 1045 omnium
359 999 697 1039 descendentium
713 1012 784 1049 pro
801 1000 994 1040 libertate
1012 1002 1025 1046 '‚
1055 1001 1093 1040 δι’
1110 999 1250 1042 fav0re
1268 1000 1453 1048 Episcopi
1470 1011 1484 1036 :

159 1059 382 1101 utrumque
397 1049 632 1092 testamenti
646 1061 769 1102 caput
784 1051 1116 1096 considerandum
1127 1054 1204 1092 est.
1199 1060 1201 1063 ’
1237 1052 1486 1092 ὃιιπιϊηειῐίηι

158 1103 335 1161 denique
351 1129 362 1147 ‚
377 1116 426 1142 an
442 1116 495 1153 pr
491 1104 721 1154 reponderet
750 1103 865 1144 favor
880 1104 1079 1154 sanguinis
1097 1112 1245 1144 contra
1270 1106 1485 1145 testamen-

159 1165 251 1195 tum
271 1182 283 1201 ,
302 1154 379 1195 vel
406 1157 572 1196 libertas
600 1170 647 1196 ex
664 1158 906 1214 testamento
922 1169 994 1204 pro
1011 1157 1206 1206 Episcopo
1224 1180 1238 1201 ‚
1276 1157 1344 1208 qui
1367 1156 1486 1195 illam.

158 1208 227 1249 fibi
247 1207 378 1254 afferit
393 1233 406 1251 ‚
433 1208 727 1258 vindicatque.
755 1209 937 1247 Dubium
953 1209 1022 1250 est

112 1259 185 1297 An
207 1260 240 1309 s
226 1269 256 1295 t
283 1260 534 1320 εῳψιῖεηᾰιινή
565 1261 734 1311 Sanflzff
731 1275 783 1300 mo
812 1271 876 1312 pro
884 1264 1014 1311 grana
1028 1260 1329 1312 dispensationis,
1357 1262 1399 1298 ἄη
1423 1272 1488 1299 ca·-

206 1311 258 1360 su
288 1314 362 1357 &a

213 1471 471 1515 RITANA.
541 1478 674 1515 Gratia
711 1474 943 1524 Theophilum
985 1487 1007 1514 e
1035 1473 1274 1514 Franz-ovilla
1314 1476 1482 1529 vritur-nve-

228 1521 266 1564 d
272 1525 408 1565 oecefis
425 1551 438 1570 ‚
467 1528 549 1567 suis
563 1527 712 1568 tabulis
741 1542 780 1573 9.
802 1525 902 1577 Maji
935 1539 1050 1574 1744.
1086 1527 1167 1575 post
1196 1522 1375 1565 mortem
1405 1522 1486 1564 vir'i

166 1570 303 1644 Aliqua
329 1591 374 1617 ex
391 1581 632 1620 haereditate
662 1580 765 1617 bona
785 1579 906 1617 vendi
924 1577 1034 1623 juffit
1064 1604 1077 1623 ‚
1105 1592 1124 1615 e
1150 1579 1216 1616 dal
1226 1588 1367 1627 prezzo
1381 1603 1395 1624 ‚
1423 1577 1488 1614 che

168 1629 231 1668 da’
242 1635 482 1679 prenominati
500 1630 677 1681 henisara*
688 1642 752 1680 per
766 1635 842 1669 rica
845 1631 1060 1681 varsene9ſs
1076 1644 1118 1669 ne
1136 1632 1249 1668 debba
1263 1640 1351 1668 ante
1367 1628 1485 1667 omm'd

160 1684 340 1733 sodisfzre
350 1683 383 1720 il
399 1686 552 1734 capitale
569 1684 666 1732 censo
677 1687 716 1721 di
727 1685 846 1722 docati
860 1684 1073 1732 trentasette
1083 1709 1096 1728 ‚
1127 1697 1145 1721 e
1160 1695 1290 1728 mezzo
1309 1685 1357 1719 da
1373 1681 1481 1729 effa-a

165 1736 346 1784 testatrice
360 1737 493 1774 dovuto
510 1738 546 1775 al
560 1734 833 1786 Rev.'Capitol0
864 1736 904 1773 di
922 1735 1045 1786 questa
1059 1746 1158 1774 terra
1174 1761 1187 1780 ‚
1225 1750 1244 1773 e
1259 1736 1320 1773 del
1333 1735 1484 1784 restante

159 1798 301 1837 prczzo
316 1789 375 1825 de'
387 1789 474 1836 suoi
489 1792 569 1828 laem·
582 1790 687 1827 emole
698 1814 710 1834 ‚
731 1791 875 1831 ordina,
891 1802 908 1825 e
926 1788 1096 1827 coma'nda
1112 1789 1125 1833 ,'
1142 1788 1257 1837 chefe
1270 1789 1314 1826 n‘e
1328 1788 1485 1825 debhano

166 1840 345 1879 celebrare
358 1851 458 1880 tante
475 1843 579 1891 mest}
590 1842 683 1889 baffi>
694 1851 757 1890 pro
773 1855 846 1882 una
861 1843 944 1878 vice
957 1841 1022 1878 dat
1038 1843 1133 1879 Rev.
1152 1839 1312 1889 Capitale
1325 1865 1339 1885 ‚
1354 1855 1373 1878 e
1391 1838 1485 1876 dalle

161 1893 196 1930 P
203 1895 247 1931 P
267 1893 517 1933 Carmelitam’
530 1922 542 1940 ‚
569 1895 765 1942 Rtforraati
789 1900 806 1938 ⁷,
837 1893 1043 1944 Captlccini
1048 1917 1060 1936 ‚
1100 1891 1134 1928 F
1136 1892 1365 1940 ranceseam
1385 1917 1398 1936 ‚
1427 1906 1482 1930 ῳ

162 1948 196 1983 S
204 1944 303 1983 cuole
314 1951 372 1994 pie
389 1949 516 1986 ‹lentro
531 1949 564 1986 Ie
575 1948 646 1985 loro
662 1946 854 1995 respettive
871 1946 987 1994 chiese
1002 1946 1074 1983 alla
1091 1947 1238 1995 ragione
1253 1947 1292 1982 di
1305 1958 1354 1983 un
1371 1943 1485 1982 carli-

161 2012 205 2036 no
236 1999 276 2034 di
293 1998 471 2045 elemofina
504 2002 544 2037 di
574 2000 811 2051 ciafcheduna
827 1999 935 2047 meffa
947 2024 960 2041 ,
993 2003 1065 2036 cioc?
1090 2010 1234 2036 numero
1248 2006 1424 2046 quaranta
1439 1997 1482 2031 in

153 2050 339 2102 suffragio
347 2052 434 2088 dell¹
440 2057 556 2090 anime
572 2052 633 2090 del
642 2054 851 2099 purgatorio
868 2074 882 2092 ‚
910 2063 929 2087 e
944 2050 977 2086 le
992 2050 1137 2096 restanti
1149 2062 1187 2085 m
1193 2047 1370 2095 suffragto
1387 2045 1482 2082 delle

163 2107 279 2140 anime
292 2103 331 2139 de·
345 2103 413 2150 effa
430 2105 608 2152 testatrice
625 2129 638 2147 ‚
657 2116 675 2140 e
690 2103 730 2138 di
747 2103 841 2138 detti
849 2101 932 2148 suoi
945 2104 1073 2138 marito
1090 2124 1105 2143 ,
1126 2113 1145 2136 e
1161 2101 1338 2148 quondam
1339 2096 1415 2144 fig
1415 2100 1448 2134 io
1464 2121 1480 2142 ‚

164 2156 340 2204 esecondo
351 2153 388 2193 la
391 2155 461 2204 sua
473 2160 701 2200 intenzione.

112 2204 236 2247 Anno
257 2212 370 2256 1764.
387 2208 716 2265 archipresbyter
730 2205 977 2245 Francazillae
1003 2211 1199 2244 executor
1217 2203 1481 2243 testamenta-

165 2259 248 2298 rius
264 2286 276 2304 ‚
295 2269 462 2299 mortuo
480 2261 630 2299 marito
646 2284 659 2303 ‚
691 2270 739 2297 ex
752 2258 866 2297 bonis
883 2256 1064 2297 venditis
1096 2256 1265 2296 circiter
1283 2269 1378 2307 400.
1393 2255 1476 2291 duc.

164 2312 335 2352 habuit.
367 2312 442 2352 Sed
460 2324 552 2351 cum
572 2306 975 2355 refiduum‚detra&0
990 2308 1240 2354 censu‚juxta
1260 2300 1442 2346 tabul'as
1433 2316 1477 2343 in

165 2363 467 2423 eleemosynam
483 2363 687 2404 missarum
705 2361 805 2401 esset
819 2361 1065 2411 erogandum
1080 2387 1094 2406 ,
1116 2360 1343 2417 capitulum
1362 2356 1482 2394 Fran-

166 2415 309 2454 cavillae
324 2418 447 2465 petiit
464 2443 477 2463 ,
506 2427 551 2457 ut
586 2413 772 2466 legatum
786 2411 1059 2464 sacerdotibus
1075 2413 1268 2452 omnibus
1286 2411 1327 2449 in
1341 2409 1483 2459 capita

166 2464 497 2510 distribueretur.
530 2464 821 2518 Repugnarunt
832 2465 935 2509 alii,
959 2465 1114 2515 quipro
1129 2465 1242 2503 virili
1258 2463 1478 2512 unicuique

165 2518 342 2558 ecclefiae
358 2520 541 2563 dandum
556 2521 864 2561 existimarunt
900 2519 938 2558 Sc
963 2514 1209 2557 sententiam
1237 2515 1359 2573 curioe
1381 2513 1479 2553 Uri-

164 2578 265 2608 tana:
288 2584 357 2619 pro
374 2573 413 2611 se
427 2573 698 2615 obtinuerunt
711 2575 770 2610 die
786 2584 818 2615 5.
834 2570 998 2610 Of't‘ohris
1014 2569 1193 2615 ejusdem
1208 2568 1328 2607 anni.
1335 2567 1477 2606 Hanc

161 2623 222 2659 die
238 2634 271 2665 5.
283 2624 475 2664 Februarii
509 2642 522 2666 1
533 2632 618 2675 765.
650 2620 997 2673 Metropolitanus
1024 2623 1239 2661 Tarentinus
1270 2619 1477 2659 confirma·-

156 2674 260 2716 νὴ.
291 2675 386 2716 Nou
418 2680 576 2728 quievit
610 2688 748 2719 tamen
769 2676 998 2726 capitulum
1025 2700 1039 2720 ,
1069 2675 1177 2726 quod
1206 2672 1257 2714 ad
1285 2671 1477 2761 Sacgm.»

1399 2735 1472 2761 οη*

1551 1496 1645 1548 Sess.
1652 1509 1714 1535 22.
1734 1505 1808 1548 cap.
1813 1510 1855 1552 4

1527 1552 1572 1589 de
1584 1548 1745 1598 Reform.
