2035 2969
569 187 641 225 158
953 178 1014 224 ³8·
1028 175 1245 226 Septembris
1267 174 1379 223 1785.

509 232 607 274 Non
627 227 1024 288 praetermittendum
1042 228 1105 267 hic
1127 237 1265 267 tamen
1283 253 1297 274 ,
1327 225 1432 278 quod
1462 230 1547 265 tam
1567 226 1761 268 1nnoc.X.
1796 229 1874 268 in.‚'

559 281 888 334 congregatione
918 280 1155 329 particulari
1183 306 1195 326 ,
1224 292 1344 330 quam
1376 279 1494 318 Sacra
1525 279 1799 330 Congregatio
1828 283 1870 321 in

558 341 693 378 Lacen.
716 339 828 372 1682.
855 333 972 371 dedit
989 332 1270 372 conditionem
1301 331 1464 380 conjugi
1480 333 1702 371 emittendi
1729 334 1866 371 conti-

560 397 708 429 nentia:
725 393 868 425 votum
885 414 894 423 .
925 383 1018 423 Non
1035 385 1211 434 apposita
1229 392 1363 423 tamen
1380 383 1563 422 conditio
1580 384 1659 424 fuit
1686 385 1725 423 in
1739 386 1874 423 Ferra-

558 447 649 479 m'en.
671 444 782 486 1693.
800 467 810 476 .,
843 439 884 476 ln
902 438 976 475 hac
993 449 1091 476 vero
1108 436 1283 486 Januenfi
1298 437 1399 476 licet
1413 434 1548 475 fuiffet
1567 438 1745 485 apposita
1761 460 1774 479 ‚
1806 446 1870 476 at-

560 501 699 532 tamen
715 515 728 534 ,
759 497 928 539 petente
944 491 1056 534 viro,
1086 489 1328 539 insequenti
1345 488 1677 537 congregatione
1711 491 1787 525 diei
1810 502 1871 531 23.

556 543 659 597 Maji
674 542 755 582 fuit
771 541 1011 589 rescriptum
1027 543 1075 579 ad
1089 551 1250 586 mentem,
1274 554 1359 592 quae
1374 548 1478 585 erat,
1495 549 1538 579 ut
1556 541 1763 580 deleretur
1778 553 1875 579 con-

557 597 666 636 ditio
695 595 834 634 favore
868 593 968 634 viri,
997 605 1045 632 ne
1083 594 1181 632 alias
1213 606 1234 632 e
1268 595 1417 642 populo
1450 592 1608 641 ignarus
1643 596 1766 631 homo
1800 595 1872 631 hae

558 648 684 689 animi
699 647 924 690 anxietate,
943 645 1196 695 &religione
1216 647 1408 685 innocens
1435 653 1688 693 premeretur
1703 658 1717 684 ,-
1748 653 1792 682 ut
1811 657 1875 683 re·-

560 702 691 741 sertur
711 698 859 747 insoliis
885 697 1152 736 Salamantinae
1176 701 1212 737 6.
1231 701 1367 736 Martii
1396 710 1508 744 1723.
1527 722 1541 742 ,
1571 699 1609 737 Sc
1639 698 1872 746 vlixiponen.

564 752 767 793 Orientali!
787 765 848 790 22.
868 752 1093 790 Novembris
1118 764 1232 797 1727.

513 805 687 857 Qando
704 801 843 843 autem
859 804 946 849 jura
965 803 1217 842 matrimonii
1233 811 1431 852 perpetuo
1446 801 1533 840 laesa
1551 813 1629 840 non
1646 802 1721 840 sint
1735 825 1748 845 ,
1765 801 1802 840 St
1820 800 1878 838 lo-

562 870 631 897 cus
651 856 780 895 faetus
796 854 925 894 fuerit
950 868 1026 893 non
1043 865 1225 904 perpetaae
1241 881 1253 899 ‚
1283 855 1350 893 sed
1384 858 1605 904 temporariae
1624 854 1877 903 separationi,

563 922 644 949 non
664 909 719 947 ita
739 907 863 946 facile
879 907 1113 956 permissum
1130 908 1181 946 est
1199 936 1210 946 .
1241 907 1284 944 In
1305 918 1381 945 una
1400 908 1655 944 Salamantina
1672 931 1685 950 ‚
1716 906 1752 943 in
1771 915 1878 955 quaa

562 962 626 1001 vir
641 960 804 1008 petebat
823 959 1067 1005 potestatem
1082 958 1298 1007 profitendi
1329 958 1574 1007 religionem
1598 956 1877 1004 Hiersolymi-

560 1011 865 1054 tanam‚reli6ta
878 1010 1053 1049 muliere
1071 1011 1109 1049 in
1125 1012 1285 1054 saeculo,
1300 1023 1384 1059 quse
1400 1012 1449 1048 ob
1467 1009 1640 1048 saevitia<
1656 1010 1739 1054 jam
1754 1020 1878 1057 prope

564 1064 756 1105 vicefimo
773 1074 876 1101 aimo
900 1073 969 1109 per
988 1063 1239 1104 sententiam
1252 1061 1402 1109 judicis
1418 1062 1651 1106 disjum‘nm
1683 1061 1847 1099 vivebat
1863 1085 1878 1105 ,

565 1119 603 1157 8(
624 1129 709 1166 quae
738 1113 972 1153 consensum
991 1116 1187 1162 praestabat
1204 1141 1218 1161 ,
1250 1114 1447 1162 rescripsit
1471 1115 1531 1151 die
1549 1117 1585 1151 6.
1603 1115 1740 1151 Marta
1764 1124 1877 1159 1723.

567 1168 686 1207 dilata
701 1193 713 1211 ‚
732 1169 775 1209 &⁴
788 1169 1026 1215 exquirantur
1041 1167 1202 1216 exempla
1215 1196 1224 1205 .

514 1221 662 1260 Altera
678 1231 775 1258 vero
790 1217 978 1264 exceptio
1002 1219 1132 1266 regula·
1148 1220 1200 1258 est
1215 1244 1228 1263 ‚
1258 1219 1284 1256 si
1314 1230 1358 1257 ex
1376 1217 1612 1267 conjugibus
1630 1242 1643 1262 ‚
1663 1218 1733 1267 qui
1752 1217 1790 1255 in
1812 1218 1880 1255 sae-

560 1273 654 1312 culo
685 1278 848 1309 maneat
890 1269 1008 1307 senex
1041 1271 1087 1307 sit
1102 1294 1114 1313 ,
1144 1271 1181 1309 St
1211 1271 1260 1308 ab
1275 1271 1387 1308 omni
1412 1270 1721 1308 incontinentiae
1755 1269 1878 1317 suspi-

572 1324 692 1364 cione
721 1329 841 1360 vacet
867 1344 880 1363 ‚
923 1332 968 1358 ac
999 1321 1113 1358 fimul
1159 1322 1354 1359 castitatis
1379 1330 1524 1359 votum
1539 1321 1707 1360 emittat
1734 1351 1742 1359 .
1781 1321 1879 1360 Haec

555 1375 686 1424 regul-e
715 1371 904 1419 exceptio
932 1382 978 1410 ex
1009 1372 1088 1419 ipsa
1118 1371 1337 1412 Alexandri
1369 1371 1445 1411 111.
1474 1372 1565 1421 lege
1595 1373 1771 1419 primum
1802 1386 1874 1411 ve-

567 1428 630 1466 nit
647 1450 660 1469 ‚
691 1425 760 1475 qui
780 1422 939 1463 addidit
960 1435 969 1460 :
997 1425 1082 1462 inde
1100 1425 1147 1474 est
1162 1449 1174 1468 ‚
1191 1427 1284 1474 quod
1299 1425 1512 1462 aufioritate
1525 1425 1734 1474 Apostolica
1756 1426 1882 1473 prohi-

566 1482 686 1517 bemus
712 1491 754 1514 ne
770 1480 807 1513 in
824 1476 1037 1524 Episcopatu
1051 1486 1111 1513 tuo
1126 1481 1253 1514 virum
1269 1502 1281 1521 ,
1300 1477 1361 1515 vel
1378 1489 1525 1514 uxorem
1538 1503 1550 1521 ‚
1572 1477 1637 1525 nist
1652 1487 1803 1525 uterque
1834 1476 1883 1514 ad

564 1531 792 1577 Religionem
821 1530 1060 1577 mq'graverit,
1087 1530 1237 1575 tranfire
1248 1532 1460 1576 permittas.
1493 1530 1635 1566 Verum
1653 1530 1686 1576 fi
1712 1532 1766 1565 ita
1791 1541 1882 1567 uxor

558 1583 675 1633 senex
690 1580 736 1629 est
751 1603 764 1623 ‚
793 1578 982 1627 &sterilis
998 1604 1010 1623 ,
1040 1580 1426 1628 quodstnesuspicione
1455 1581 1550 1627 poffi't
1581 1579 1649 1625 effe
1679 1580 1853 1625 insaecalo
1867 1604 1880 1624 ‚

568 1633 781 1682 dzffimulare
792 1634 925 1680 poteris
941 1654 954 1674 ,
966 1639 1008 1667 ut
1022 1645 1062 1668 en
1078 1645 1116 1670 m
1123 1628 1256 1680 saecnso
1273 1640 1476 1669 remanente
1491 1655 1504 1675 ‚
1533 1633 1576 1674 ⁴&
1592 1631 1788 1680 castitatem
1797 1641 1882 1680 pro-

567 1690 732 1724 mittente
745 1709 758 1727 ,
776 1686 823 1721 ad
835 1682 1060 1731 Religionem
1070 1684 1229 1730 transeat
1250 1688 1311 1722 vir
1325 1681 1385 1736 eja
1405 1685 1486 1720 dem
1503 1711 1513 1720 .

515 1736 779 1785 Innocentius
803 1735 882 1777 111.
912 1744 989 1783 cap.
1019 1737 1067 1772 ad
1079 1736 1323 1785 Apostolicam
1342 1748 1400 1777 13.
1419 1737 1539 1772 eodem
1555 1737 1615 1773 tit.
1644 1748 1724 1772 cum
1756 1745 1874 1772 autem

564 1795 650 1835 vir,
679 1792 825 1833 &uxor
853 1800 926 1825 ana
941 1788 1100 1836 carostnt
1118 1797 1182 1837 per
1210 1787 1369 1837 copulam
1398 1786 1619 1840 conjugalem
1648 1787 1763 1835 effeffi
1779 1813 1791 1831 ,
1820 1798 1881 1824 nce

562 1851 729 1891 unapars
742 1842 905 1878 converti
914 1841 1009 1888 poffit
1035 1841 1084 1875 ad
1101 1842 1294 1877 Dominam
1306 1865 1318 1884 ‚
1349 1842 1390 1882 ξφ
1414 1839 1528 1875 altera
1558 1838 1735 1885 inste-culo
1765 1853 1883 1875 rema-

560 1909 645 1935 nere
659 1920 671 1937 ‚
685 1893 838 1942 prosef‘t'o
853 1905 918 1928 non
934 1891 979 1938 est
995 1891 1088 1929 alter
1103 1890 1291 1943 conjugum
1307 1890 1528 1939 recipiendas
1543 1892 1591 1926 ad
1613 1892 1878 1938 observantiam

565 1946 782 1993 regularem,
799 1946 864 1994 nist
879 1943 1038 1992 requmts
1048 1953 1256 1992 perpetuam
1272 1945 1525 1981 continentiam
1542 1947 1769 1990 repromittat
1781 1968 1793 1986 ,
1810 1957 1850 1980 ne
1863 1957 1880 1981 c

565 2002 686 2036 vitam
702 2010 834 2047 qnoque
863 1996 969 2031 dehet
985 1993 1126 2033 matare
1146 2021 1159 2041 ‚
1186 1997 1251 2044 nisi
1258 1995 1354 2041 sorte
1369 1993 1446 2047 ejas
1462 1996 1577 2032 aetatis
1587 1995 1636 2043 sit
1653 2018 1667 2038 ,
1686 1996 1807 2043 atfine
1817 1996 1883 2044 stt-

557 2051 720 2099 spicione
737 2051 999 2086 incontinentiae
1014 2048 1137 2085 valeat
1151 2046 1325 2096 insaecalo
1342 2060 1520 2085 remanere
1537 2076 1546 2085 .

515 2102 724 2142 Honorius
742 2100 814 2139 III.
844 2100 1159 2148 cap.stgn¹ficaevit
1179 2106 1236 2138 18.
1254 2102 1374 2137 eodem
1388 2104 1447 2138 tit.
1482 2101 1691 2136 mandamus
1708 2124 1720 2143 ‚
1754 2109 1883 2148 qnate-

566 2168 631 2193 nus
650 2156 682 2204 fi
710 2154 756 2204 est
782 2157 836 2190 ita
850 2177 863 2197 ‚
890 2154 933 2195 εἰς·
946 2152 1030 2189 talis
1057 2156 1174 2189 aetatis
1188 2178 1199 2197 ,
1230 2154 1275 2189 de
1290 2165 1357 2200 qua
1361 2151 1519 2201 suspicio
1550 2165 1615 2188 non
1624 2154 1717 2200 poffit
1731 2153 1871 2196 haberi,

565 2207 678 2256 ipsum
694 2217 815 2244 votam
830 2207 1054 2242 continentiae
1069 2204 1311 2252 observantem
1326 2228 1338 2248 ‚
1353 2208 1491 2242 intrare
1507 2204 1764 2254 Monasterium
1781 2218 1875 2242 com-

564 2259 654 2308 pelli
679 2272 744 2296 non
757 2260 979 2307 permittatis
998 2286 1008 2295 .

515 2309 593 2349 His
612 2312 669 2350 ita
686 2310 896 2360 propofitis
910 2322 924 2348 ,-
942 2309 1090 2349 mulier
1117 2310 1155 2348 in
1171 2310 1287 2349 causa
1303 2335 1316 2355 ‚
1344 2309 1395 2348 de
1411 2322 1487 2359 qua
1504 2309 1637 2358 agitur
1653 2332 1665 2351 ‚
1698 2308 1736 2346 in
1754 2309 1879 2348 trice·-

565 2363 663 2402 fimo
680 2363 812 2402 aetatis
827 2374 930 2400 anno
944 2363 1128 2401 versatur
1147 2388 1159 2409 ,
1186 2362 1247 2401 vir
1270 2361 1317 2407 ¹iu
1355 2361 1678 2412 quinquagesimo
1708 2360 1852 2410 quinto
1865 2390 1877 2399 .

563 2414 747 2454 Maxima
767 2415 907 2464 itaque
924 2412 1118 2462 inspectio
1134 2415 1183 2453 de
1202 2422 1322 2453 aetate
1336 2414 1414 2454 viri
1429 2416 1481 2453 est
1497 2427 1511 2453 ‚·
1542 2424 1589 2451 an
1619 2425 1688 2461 pro
1717 2415 1788 2451 hac
1804 2426 1876 2454 re,

566 2467 706 2506 senilis
721 2466 892 2506 dicenda
906 2466 954 2504 fit
968 2491 980 2509 ‚
1011 2477 1308 2516 proptereaque
1336 2474 1455 2505 vacet
1485 2465 1523 2502 in
1542 2465 1734 2513 posterun*
1756 2465 1879 2513 suspi-

567 2518 684 2558 cione
718 2532 728 2557 z
745 2520 907 2567 seneffus
922 2520 1021 2557 enim
1035 2520 1097 2557 hoc
1110 2521 1217 2557 hahet
1227 2519 1437 2567 praeclarum
1460 2530 1607 2560 munus,
1642 2525 1684 2555 ut
1717 2518 1778 2556 ait
1808 2517 1878 2554 Ci-

567 2581 662 2607 cero
681 2595 694 2614 ,
703 2573 882 2620 fiqm'dcra
896 2572 938 2607 id
950 2572 1072 2618 aufert
1088 2595 1100 2614 ‚
1132 2573 1225 2621 quod
1240 2571 1287 2620 est
1312 2574 1419 2608 etiam
1448 2573 1487 2606 in
1499 2568 1738 2617 adolescentia
1766 2570 1878 2605 vitio-

559 2620 593 2666 fi
616 2634 722 2658 tmum
742 2651 751 2659 .
782 2622 834 2660 Et
849 2623 966 2663 divus
987 2624 1265 2671 Hieronymus
1295 2623 1482 2670 :seneflas
1510 2624 1553 2658 ab
1578 2621 1875 2670 impudentiffimix·

573 2672 722 2729 dominis
736 2673 869 2710 liberat
885 2675 1127 2726 voluptatibus
1144 2701 1156 2720 ,
1187 2675 1348 2713 lihidinis
1358 2675 1502 2722 frangit
1521 2678 1667 2723 impetus
1685 2702 1694 2711 .

522 2722 681 2775 Phyfici
698 2732 863 2764 aetatem
875 2726 1046 2769 senilem
1063 2752 1077 2774 ,
1107 2728 1187 2775 post
1217 2727 1393 2766 mediam
1409 2751 1422 2771 ‚
1455 2728 1494 2767 Sc
1512 2728 1756 2767 constantem
1780 2723 1877 2767 aju=

1781 2786 1885 2815 vell*
