1986 2996
699 167 873 221 10.Maji
891 171 1003 216 1766.
1467 183 1516 217 91

153 221 273 262 'Hinc
291 220 457 260 omnino
475 221 511 260 se
531 232 608 258 non
627 221 843 270 adigendos
859 220 1002 260 dicunt
1018 231 1027 259 :
1044 222 1201 271 quando
1215 226 1353 261 autem
1370 222 1408 260 in
1426 223 1521 261 casu

206 284 402 314 extremae
419 273 667 312 neceffitatis
697 275 888 318 adjuvare
917 275 1133 321 pau-ochum
1152 274 1326 313 debeant
1341 300 1353 319 ‚
1382 274 1521 313 deberi

212 339 432 375 congruam
450 338 520 371 vro
542 326 800 365 incommodo
818 326 1048 365 mercedem
1066 325 1254 365 constitui
1271 326 1354 365 'Rom
1373 331 1411 364 in
1425 328 1519 364 Con-

208 377 381 430 stantien.
390 380 541 427 flubſsdii
550 381 766 427 parochialis
780 379 935 430 9.Junii
955 392 968 417 1
979 391 1022 425 75
1032 388 1133 428 5.per
1146 388 1209 417 tot.
1227 392 1341 419 coram
1354 380 1398 419 cl.
1414 392 1519 417 mem.

220 433 328 469 Card.
347 434 455 480 Buffio
472 461 482 469 .
817 437 819 440 ’

162 484 382 534 Episcopus
399 483 578 522 rationes
594 496 664 532 pro
681 492 851 534 utraque
868 490 982 532 parte
998 484 1152 533 allegat
1170 510 1182 529 ,
1197 482 1391 534 additque
1403 486 1442 521 in
1455 485 1517 521 hoc

211 549 332 575 rerum
351 536 630 586 confliEiusicuti
644 541 888 575 canonicorum
903 547 1074 573 momenta
1095 536 1196 584 stare
1209 538 1297 573 mihi
1328 538 1518 580 videntur,

210 602 376 627 corruere
403 602 485 627 vero
507 588 573 626 illa
583 590 756 639 praepositi
772 614 784 633 ,
814 587 963 639 cumjus
980 590 1194 636 baptizandi
1207 613 1220 633 ‚
1251 591 1293 631 ὠ·
1305 587 1379 625 alia
1407 584 1518 636 hujus

201 645 345 691 generis
375 641 537 689 legitima
575 642 826 689 consuetudine
847 641 1029 689 praefi‘rihi
1050 643 1167 689 poffi'nt
1184 666 1197 685 ,
1228 643 1270 683 &-
1295 641 1514 690 affistentiad

207 695 430 731 moribundis
448 692 640 741 aliquando
651 694 808 742 praestita
824 707 845 729 a
857 695 1032 730 canonicis
1047 693 1176 740 referri
1188 702 1296 741 queat
1324 693 1372 729 ad
1397 694 1513 729 riflum

199 745 469 795 facultativum
493 768 506 787 ,
550 747 593 787 &⁶
618 758 663 782 ex
687 747 864 782 charitate
888 770 900 788 ,
932 747 984 781 ita
1011 747 1049 781 in
1070 745 1177 794 sensu
1203 744 1308 792 effem
1332 745 1514 783 canonicos

202 799 384 847 praedifios
399 800 605 849 neutiquam
633 811 717 836 vere
733 797 801 845 effe
829 795 1053 847 coadjutores
1072 822 1086 843 ,
1114 811 1178 835 nec
1208 800 1263 834 uti
1286 798 1376 836 tales
1391 797 1515 835 decla-

206 852 333 888 randos
350 879 359 888 .
1119 857 1126 864 '

153 904 217 945 At
243 903 476 951 consideranti
514 904 604 951 mihi
640 912 703 950 pro
729 915 803 939 meo
835 901 1003 949 pastorali
1030 914 1174 947 munere
1204 902 1323 949 solum
1347 901 1511 950 praepofi-

203 964 282 992 tum
308 958 478 1002 imparem
507 953 574 1000 effe
600 953 845 1000 subveniendi
882 955 920 988 in
943 954 998 989 his
1020 978 1032 996 ,
1059 967 1135 1002 quae
1164 956 1203 989 in
1231 954 1328 997 dicia
1361 953 1514 989 lahorio-

193 1006 240 1056 sa
271 1019 358 1044 cura
389 1008 494 1042 dehet
519 1009 648 1054 exequi
673 1030 687 1050 ,
717 1007 760 1049 ἴς·
785 1017 851 1043 non
879 1007 1019 1042 intuitu
1058 1006 1162 1042 unius
1186 1006 1425 1053 parochiani,
1445 1003 1518 1051 sed

201 1061 312 1096 etiam
329 1056 488 1105 plurimu
508 1081 520 1101 ,
549 1070 589 1093 ac
617 1060 655 1107 in
682 1059 775 1095 horis
806 1056 940 1104 eisdem
967 1082 979 1101 ‚
1015 1059 1057 1100 ἔς·
1087 1055 1173 1094 locis
1205 1056 1374 1106 distinftis
1407 1065 1516 1104 para-

202 1121 258 1148 tus
275 1110 342 1159 effe
357 1111 462 1147 debet
476 1135 488 1154 ‚
510 1118 617 1157 prout
630 1110 766 1147 accidit
780 1134 792 1152 ‚
811 1113 848 1146 in
862 1117 921 1157 ope
927 1108 1118 1158 spirituali
1139 1110 1332 1156 praehenda
1356 1109 1514 1154 infirmis

201 1167 240 1201 in
256 1172 414 1199 extremo
434 1166 521 1200 vit-e
531 1161 689 1209 periculo
704 1161 902 1208 constitutis
916 1186 928 1205 ,
958 1164 1001 1204 εἰς·
1012 1175 1030 1197 e
1047 1170 1169 1197 contra
1196 1161 1306 1197 diflos
1335 1163 1517 1198 canonicos

200 1228 248 1253 ex
262 1216 409 1251 decimis
425 1239 438 1258 ,
469 1213 619 1262 aliisque
630 1213 895 1260 parochialibus
912 1213 1157 1250 emolumentis
1168 1215 1387 1261 participare
1405 1237 1419 1256 ,
1449 1215 1513 1249 vi-

199 1269 308 1303 detur
322 1279 512 1313 congruum
527 1262 745 1314 effe'eosdem
762 1290 773 1310 ‚
793 1275 833 1302 ut
848 1263 1029 1316 adjuvent
1043 1288 1055 1307 ‚
1091 1267 1134 1307 (ἔγ
1145 1265 1425 1313 agonizantibus
1439 1264 1516 1311 affi-

180 1321 184 1326 '
192 1319 295 1369 flant
307 1319 462 1368 hortari,
477 1314 756 1364 &solummodo
772 1342 784 1362 ‚
805 1319 847 1360 (ἶς’
853 1316 972 1364 forma
983 1317 1245 1366 praescribenda
1273 1321 1349 1367 cogi
1377 1320 1415 1354 iu
1429 1315 1513 1365 casu

207 1372 411 1418 neceffi'tatis
428 1397 440 1409 .
496 1367 501 1371 “
782 1383 787 1388 ·
1315 1370 1318 1372 ’

154 1424 274 1464 Sacra
301 1421 579 1470 Congregatio
624 1421 847 1461 secundum
886 1418 1018 1461 varias
1061 1420 1158 1461 fasti
1185 1422 1349 1471 species(
1368 1445 1381 1465 ‚
1425 1431 1513 1470 quae

209 1474 539 1526 proponebantur
557 1499 569 1518 ‚
598 1474 842 1514 sententiam
859 1473 963 1513 dixit
977 1503 985 1512 .
1016 1476 1058 1513 In
1074 1487 1151 1514 una
1184 1476 1335 1522 Farfen.
1356 1475 1517 1511 decima-

198 1541 284 1566 rum
303 1552 315 1570 ‚
336 1526 374 1564 in
390 1537 467 1576 qua
485 1540 568 1567 onus
585 1540 677 1564 curoe
690 1529 894 1564 animarum
909 1530 1047 1574 integre
1060 1538 1138 1573 erat
1162 1526 1259 1575 apud
1288 1523 1515 1573 Archipres-

200 1581 362 1629 hyterum
388 1578 538 1626 ecclestae
553 1580 596 1615 B.
611 1578 745 1615 Mariae
760 1578 967 1628 Affumptae
993 1581 1110 1627 oppidi
1140 1574 1252 1630 Podij
1264 1578 1416 1616 Mirteti
1434 1601 1446 1620 ‚
1475 1589 1517 1614 ac

201 1632 458 1670 contendebant.
481 1633 640 1667 canonici
669 1643 715 1668 ex
744 1631 997 1680 consuetudine
1009 1634 1231 1680 participare
1259 1632 1304 1668 de
1333 1631 1480 1668 decimis
1498 1650 1515 1670 ‚

197 1683 401 1733 propofito
431 1706 445 1726 ‚
476 1694 522 1717 an
545 1685 706 1720 canonici
722 1709 734 1727 ,
778 1685 860 1731 casu
877 1707 890 1726 ,
922 1697 986 1732 quo
1015 1686 1060 1722 de
1076 1685 1223 1722 decimis
1257 1685 1512 1731 participare„-

193 1738 320 1786 poffint
333 1759 345 1779 ‚
369 1742 561 1770 teneantur
581 1733 805 1786 coadjuvare
821 1736 1124 1786 archipresbytero
1148 1740 1185 1774 in
1199 1734 1514 1783 administratione

187 1789 500 1837 sacramentorum
514 1810 527 1828 ‚
555 1788 598 1829 (ἐν
615 1800 700 1824 cura
717 1791 917 1825 animarum
935 1812 948 1831 ,
976 1791 1030 1825 ita
1043 1799 1084 1826 ut
1097 1788 1159 1837 iste
1186 1790 1358 1836 cogendus
1383 1799 1448 1823 non
1464 1784 1515 1832 fit

198 1840 250 1878 ad
263 1836 505 1890 coadjutorem
522 1839 593 1886 sihi
608 1841 653 1876 de
666 1852 755 1877 novo
779 1840 1023 1888 affiimendum
1044 1850 1109 1889 pro
1123 1837 1368 1889 numerofitate
1395 1836 1518 1887 populi

197 1891 406 1940 respondit
422 1890 489 1929 die
509 1891 793 1940 1.Septembris
811 1897 922 1940 1691.
939 1891 1172 1941 affirmative,
1186 1897 1228 1938 ἶς’
1242 1895 1357 1931 teneri
1367 1890 1519 1940 parocho

199 1942 419 1997 coadjuvare
435 1973 446 1984 .

146 1993 194 2047 {ln
213 2008 289 2036 una
307 1999 548 2045 Caputaqtcen.
567 2022 580 2042 ‚
601 1996 639 2034 in
662 2010 737 2048 qua
751 1998 974 2049 Episcopus
994 2002 1032 2035 in
1047 1996 1251 2045 vifitatione
1281 1998 1399 2046 oppidi
1411 1993 1518 2029 Mon-

196 2050 322 2096 tisfani
330 2048 594 2097 praescripserat
609 2073 622 2091 ,
651 2052 744 2098 quod
760 2064 872 2087 omnes
883 2051 1089 2097 sacerdotes
1093 2049 1164 2095 suh
1172 2058 1273 2096 poena
1297 2047 1517 2096 privationis

198 2104 421 2139 decimarum
439 2102 583 2149 affistere
598 2099 770 2137 deberent
799 2102 1075 2149 agonizantibus
1100 2108 1163 2146 pro
1178 2098 1516 2136 commendatione-2

199 2158 325 2192 anima:
341 2180 353 2197 ‚
383 2151 582 2198 distributis
599 2154 694 2188 iuter
697 2153 741 2200 se
768 2153 861 2190 horis
879 2177 891 2196 ‚
922 2164 1068 2200 quorum
1079 2153 1215 2199 primus
1247 2151 1331 2198 effes
1343 2149 1516 2200 parochus

199 2206 402 2254 proposito
421 2202 488 2240 VI.
506 2202 625 2240 dubio
645 2214 655 2239 ε
681 2217 726 2241 an
740 2206 853 2242 iidem
863 2205 1060 2253 presbyten·
1069 2205 1326 2251 participantes
1357 2201 1401 2238 de
1418 2201 1516 2237 deci-

201 2260 267 2294 mis
278 2256 510 2306 praedialibus
525 2265 719 2292 teneantur
730 2265 796 2305 per
807 2267 955 2294 turnum
970 2257 1112 2306 affistere
1142 2254 1290 2292 cuilibet
1307 2254 1517 2291 moribundo

192 2309 310 2358 juxta
338 2313 520 2346 decretum
537 2306 730 2356 Episcopi,
759 2309 822 2346 vel
827 2312 948 2358 potius
975 2317 1165 2346 teneantur
1197 2317 1336 2344 tantum
1363 2304 1518 2355 coadju-

203 2374 292 2398 vare
318 2363 468 2398 eundem
484 2362 708 2408 parochiam,
739 2357 884 2410 ejusque
889 2361 1124 2408 substitutum
1151 2361 1191 2394 in
1218 2360 1387 2407 concursu
1414 2384 1426 2403 ,
1445 2359 1517 2407 seu

197 2416 294 2460 copia
313 2417 558 2462 agrotantium
575 2438 586 2456 ‚
608 2412 646 2450 ὃ(
664 2416 866 2462 quatenus
886 2411 1130 2451 affirmative
1150 2410 1239 2450 V11.
1271 2425 1316 2449 an
1334 2410 1393 2448 illi
1412 2434 1424 2453 ‚
1454 2414 1517 2460 qui

197 2464 340 2512 affistcre
364 2463 609 2513 renuant,sint
637 2465 954 2514 punflandisuper
968 2465 1097 2511 iisdem
1120 2466 1267 2500 decimis
1286 2491 1296 2508 ,
1313 2463 1514 2512 rescripsit

193 2514 265 2554 die
285 2516 449 2563 14.Maji
472 2532 540 2564 172
544 2532 582 2564 9.
603 2518 652 2553 ad
666 2517 734 2555 VJ.
750 2519 967 2564 presbyteros
994 2518 1182 2554 hortandos
1201 2517 1291 2564 ‚sed
1306 2529 1371 2557 non
1386 2529 1514 2564 cogen-

198 2570 260 2604 dos
275 2594 287 2611 ‚
319 2569 382 2615 nist
412 2573 448 2606 in
465 2572 547 2618 casu
576 2571 778 2618 necfftatis
798 2580 807 2605 ε
836 2572 885 2606 ad
914 2570 1000 2609 VII.
1028 2569 1247 2618 affirmative
1274 2573 1311 2606 in
1341 2567 1423 2616 casu
1451 2582 1515 2605 ne-

198 2622 358 2668 ceffitatis
381 2650 389 2658 .

139 2670 191 2720 ‚ln
208 2685 284 2711 una
313 2675 508 2723 Sypontina
526 2701 538 2720 ,
556 2675 597 2714 in
614 2688 689 2725 qua
709 2675 924 2723 Episcopus
949 2678 987 2711 in
1006 2674 1286 2724 vifitationesuh
1313 2674 1424 2711 multa
1446 2681 1511 2721 pe-

193 2729 360 2764 cuniaria
386 2725 620 2772 obstrinxerat
631 2730 850 2778 presbyteros
865 2728 1022 2768 addiffos
1037 2727 1184 2777 ecclefiae
1194 2727 1401 2778 parochiali
1413 2727 1514 2765 San-

258 2779 529 2821 Tom.XXXV'.
943 2779 990 2818 M
1021 2795 1040 2819 2
1457 2780 1516 2817 tia
