<?xml version="1.0" encoding="UTF-8"?>
<!DOCTYPE html PUBLIC "-//W3C//DTD XHTML 1.0 Transitional//EN"
    "http://www.w3.org/TR/xhtml1/DTD/xhtml1-transitional.dtd">
<html xmlns="http://www.w3.org/1999/xhtml" xml:lang="en" lang="en">
 <head>
  <title>
</title>
<meta http-equiv="Content-Type" content="text/html;charset=utf-8" />
  <meta name='ocr-system' content='tesseract 3.04.00' />
  <meta name='ocr-capabilities' content='ocr_page ocr_carea ocr_par ocr_line ocrx_word'/>
</head>
<body>
  <div class='ocr_page' id='page_1' title='image "./thesaurusresolut34cath_0120.png"; bbox 0 0 2035 2969; ppageno 0'>
   <div class='ocr_carea' id='block_1_1' title="bbox 469 138 1852 1427">
    <p class='ocr_par' dir='ltr' id='par_1_1' title="bbox 533 138 603 171">
     <span class='ocr_line' id='line_1_1' title="bbox 533 138 603 171; baseline -0.014 0"><span class='ocrx_word' id='word_1_1' title='bbox 533 138 603 171; x_wconf 84' lang='lat'>106</span> 
     </span>
    </p>

    <p class='ocr_par' dir='ltr' id='par_1_2' title="bbox 476 180 1851 545">
     <span class='ocr_line' id='line_1_2' title="bbox 476 180 1848 235; baseline -0.002 -11"><span class='ocrx_word' id='word_1_2' title='bbox 476 185 567 224; x_wconf 83' lang='lat' dir='ltr'>Non</span> <span class='ocrx_word' id='word_1_3' title='bbox 598 182 756 222; x_wconf 83' lang='lat' dir='ltr'>modica</span> <span class='ocrx_word' id='word_1_4' title='bbox 788 184 1129 221; x_wconf 75' lang='lat' dir='ltr'>animadveriione</span> <span class='ocrx_word' id='word_1_5' title='bbox 1147 182 1228 220; x_wconf 84' lang='lat' dir='ltr'>crit</span> <span class='ocrx_word' id='word_1_6' title='bbox 1251 182 1421 232; x_wconf 74' lang='lat' dir='ltr'>&#39;quoque</span> <span class='ocrx_word' id='word_1_7' title='bbox 1451 180 1613 223; x_wconf 77' lang='lat' dir='ltr'>fortaffe</span> <span class='ocrx_word' id='word_1_8' title='bbox 1641 185 1804 235; x_wconf 87' lang='lat' dir='ltr'>dignum</span> <span class='ocrx_word' id='word_1_9' title='bbox 1836 208 1848 226; x_wconf 81' lang='lat'>‚</span> 
     </span>
     <span class='ocr_line' id='line_1_3' title="bbox 527 230 1848 287; baseline -0.001 -13"><span class='ocrx_word' id='word_1_10' title='bbox 527 235 634 287; x_wconf 88' lang='lat' dir='ltr'>quod</span> <span class='ocrx_word' id='word_1_11' title='bbox 667 236 704 273; x_wconf 89' lang='lat' dir='ltr'>in</span> <span class='ocrx_word' id='word_1_12' title='bbox 726 235 852 282; x_wconf 83' lang='lat' dir='ltr'>prima</span> <span class='ocrx_word' id='word_1_13' title='bbox 882 234 1103 280; x_wconf 83' lang='lat' dir='ltr'>donatione</span> <span class='ocrx_word' id='word_1_14' title='bbox 1135 236 1221 269; x_wconf 82' lang='lat' dir='ltr'>anni</span> <span class='ocrx_word' id='word_1_15' title='bbox 1259 238 1373 270; x_wconf 75' lang='lat'>1622.</span> <span class='ocrx_word' id='word_1_16' title='bbox 1404 230 1645 274; x_wconf 81' lang='lat' dir='ltr'>facultatem</span> <span class='ocrx_word' id='word_1_17' title='bbox 1667 238 1848 277; x_wconf 84' lang='lat' dir='ltr'>variandi</span> 
     </span>
     <span class='ocr_line' id='line_1_4' title="bbox 526 283 1849 339; baseline -0.001 -12"><span class='ocrx_word' id='word_1_18' title='bbox 526 301 645 339; x_wconf 86' lang='lat' dir='ltr'>quam</span> <span class='ocrx_word' id='word_1_19' title='bbox 663 288 728 325; x_wconf 83' lang='lat' dir='ltr'>fibi</span> <span class='ocrx_word' id='word_1_20' title='bbox 745 312 756 329; x_wconf 80' lang='lat'>‚</span> <span class='ocrx_word' id='word_1_21' title='bbox 771 287 808 324; x_wconf 65' lang='lat'>8&lt;</span> <span class='ocrx_word' id='word_1_22' title='bbox 826 283 992 323; x_wconf 66' lang='lat' dir='ltr'>familiae</span> <span class='ocrx_word' id='word_1_23' title='bbox 1013 285 1271 322; x_wconf 83' lang='lat' dir='ltr'>reservarunt</span> <span class='ocrx_word' id='word_1_24' title='bbox 1287 285 1478 332; x_wconf 85' lang='lat' dir='ltr'>conjuges</span> <span class='ocrx_word' id='word_1_25' title='bbox 1494 308 1506 326; x_wconf 73' lang='lat'>‚</span> <span class='ocrx_word' id='word_1_26' title='bbox 1526 290 1693 330; x_wconf 86' lang='lat' dir='ltr'>eandem</span> <span class='ocrx_word' id='word_1_27' title='bbox 1712 290 1849 337; x_wconf 82' lang='lat' dir='ltr'>ipsam,</span> 
     </span>
     <span class='ocr_line' id='line_1_5' title="bbox 527 335 1851 387; baseline -0.002 -7"><span class='ocrx_word' id='word_1_28' title='bbox 527 343 553 380; x_wconf 80' lang='lat' dir='ltr'>si</span> <span class='ocrx_word' id='word_1_29' title='bbox 571 339 735 378; x_wconf 73' lang='lat' dir='ltr'>familiae</span> <span class='ocrx_word' id='word_1_30' title='bbox 750 335 987 376; x_wconf 75' lang='lat' dir='ltr'>successores</span> <span class='ocrx_word' id='word_1_31' title='bbox 1000 349 1021 375; x_wconf 90' lang='lat' dir='ltr'>a</span> <span class='ocrx_word' id='word_1_32' title='bbox 1036 338 1215 376; x_wconf 82' lang='lat' dir='ltr'>Romana</span> <span class='ocrx_word' id='word_1_33' title='bbox 1230 336 1448 387; x_wconf 86' lang='lat' dir='ltr'>Religione</span> <span class='ocrx_word' id='word_1_34' title='bbox 1465 337 1681 378; x_wconf 78' lang='lat' dir='ltr'>deficerent</span> <span class='ocrx_word' id='word_1_35' title='bbox 1709 345 1756 385; x_wconf 80' lang='lat' dir='ltr'>ad</span> <span class='ocrx_word' id='word_1_36' title='bbox 1770 346 1851 380; x_wconf 78' lang='lat' dir='ltr'>Ar-</span> 
     </span>
     <span class='ocr_line' id='line_1_6' title="bbox 532 389 1850 439; baseline -0.002 -9"><span class='ocrx_word' id='word_1_37' title='bbox 532 390 817 439; x_wconf 46' lang='lat' dir='ltr'>clfiepiscopalem</span> <span class='ocrx_word' id='word_1_38' title='bbox 835 390 1034 436; x_wconf 84' lang='lat' dir='ltr'>Officialem</span> <span class='ocrx_word' id='word_1_39' title='bbox 1064 389 1183 427; x_wconf 83' lang='lat' dir='ltr'>Coloni</span> <span class='ocrx_word' id='word_1_40' title='bbox 1204 403 1240 427; x_wconf 64' lang='grc' dir='ltr'>τι.</span> <span class='ocrx_word' id='word_1_41' title='bbox 1271 398 1338 438; x_wconf 79' lang='lat' dir='ltr'>pro</span> <span class='ocrx_word' id='word_1_42' title='bbox 1364 399 1516 438; x_wconf 82' lang='lat' dir='ltr'>tempore</span> <span class='ocrx_word' id='word_1_43' title='bbox 1545 393 1747 439; x_wconf 79' lang='lat' dir='ltr'>existentem</span> <span class='ocrx_word' id='word_1_44' title='bbox 1765 419 1776 437; x_wconf 87' lang='lat'><strong>‚</strong></span> <span class='ocrx_word' id='word_1_45' title='bbox 1808 397 1850 437; x_wconf 64' lang='lat'>&amp;¹</span> 
     </span>
     <span class='ocr_line' id='line_1_7' title="bbox 524 442 1848 494; baseline 0.002 -14"><span class='ocrx_word' id='word_1_46' title='bbox 524 442 920 494; x_wconf 63' lang='lat' dir='ltr'>pastoremparochialis</span> <span class='ocrx_word' id='word_1_47' title='bbox 954 442 1103 490; x_wconf 79' lang='lat' dir='ltr'>ecclestae</span> <span class='ocrx_word' id='word_1_48' title='bbox 1128 443 1266 479; x_wconf 65' lang='lat' dir='ltr'>Sanflae</span> <span class='ocrx_word' id='word_1_49' title='bbox 1283 443 1458 480; x_wconf 62' lang='lat' dir='ltr'>Columba:</span> <span class='ocrx_word' id='word_1_50' title='bbox 1483 446 1523 481; x_wconf 77' lang='lat' dir='ltr'>in</span> <span class='ocrx_word' id='word_1_51' title='bbox 1554 447 1649 482; x_wconf 64' lang='lat' dir='ltr'>vrbe</span> <span class='ocrx_word' id='word_1_52' title='bbox 1669 444 1848 483; x_wconf 71' lang='lat' dir='ltr'>colonien.</span> 
     </span>
     <span class='ocr_line' id='line_1_8' title="bbox 526 494 1410 545; baseline -0.001 -14"><span class='ocrx_word' id='word_1_53' title='bbox 526 506 613 545; x_wconf 72' lang='lat' dir='ltr'>pure</span> <span class='ocrx_word' id='word_1_54' title='bbox 630 520 642 539; x_wconf 82' lang='lat'>‚</span> <span class='ocrx_word' id='word_1_55' title='bbox 663 494 923 542; x_wconf 76' lang='lat' dir='ltr'>&amp;fimpliciter</span> <span class='ocrx_word' id='word_1_56' title='bbox 937 495 1145 532; x_wconf 73' lang='lat' dir='ltr'>devolutam</span> <span class='ocrx_word' id='word_1_57' title='bbox 1164 494 1385 533; x_wconf 85' lang='lat' dir='ltr'>voluerunt</span> <span class='ocrx_word' id='word_1_58' title='bbox 1404 523 1410 530; x_wconf 88' lang='lat'>.</span> 
     </span>
    </p>

    <p class='ocr_par' dir='ltr' id='par_1_3' title="bbox 474 545 1852 1012">
     <span class='ocr_line' id='line_1_9' title="bbox 474 545 1851 597; baseline -0.001 -10"><span class='ocrx_word' id='word_1_59' title='bbox 474 545 815 588; x_wconf 74' lang='lat' dir='ltr'>Considerandum</span> <span class='ocrx_word' id='word_1_60' title='bbox 836 555 1051 595; x_wconf 83' lang='lat' dir='ltr'>propterea</span> <span class='ocrx_word' id='word_1_61' title='bbox 1066 546 1163 586; x_wconf 75' lang='lat' dir='ltr'>esset</span> <span class='ocrx_word' id='word_1_62' title='bbox 1180 572 1193 591; x_wconf 92' lang='lat'>‚</span> <span class='ocrx_word' id='word_1_63' title='bbox 1223 558 1270 584; x_wconf 84' lang='lat' dir='ltr'>an</span> <span class='ocrx_word' id='word_1_64' title='bbox 1299 547 1388 586; x_wconf 88' lang='lat' dir='ltr'>veri</span> <span class='ocrx_word' id='word_1_65' title='bbox 1411 546 1589 597; x_wconf 82' lang='lat' dir='ltr'>aliquam</span> <span class='ocrx_word' id='word_1_66' title='bbox 1613 547 1851 587; x_wconf 82' lang='lat' dir='ltr'>fimilitudi—</span> 
     </span>
     <span class='ocr_line' id='line_1_10' title="bbox 525 598 1852 649; baseline 0 -11"><span class='ocrx_word' id='word_1_67' title='bbox 525 611 619 638; x_wconf 85' lang='lat' dir='ltr'>nem</span> <span class='ocrx_word' id='word_1_68' title='bbox 636 598 781 636; x_wconf 84' lang='lat' dir='ltr'>habeat</span> <span class='ocrx_word' id='word_1_69' title='bbox 800 623 812 642; x_wconf 79' lang='lat'>‚</span> <span class='ocrx_word' id='word_1_70' title='bbox 843 599 948 649; x_wconf 89' lang='lat' dir='ltr'>quod</span> <span class='ocrx_word' id='word_1_71' title='bbox 964 601 1065 638; x_wconf 87' lang='lat' dir='ltr'>hanc</span> <span class='ocrx_word' id='word_1_72' title='bbox 1092 607 1333 648; x_wconf 86' lang='lat' dir='ltr'>perpetuam</span> <span class='ocrx_word' id='word_1_73' title='bbox 1350 600 1674 640; x_wconf 79' lang='lat' dir='ltr'>mutabilitatem</span> <span class='ocrx_word' id='word_1_74' title='bbox 1693 627 1705 646; x_wconf 82' lang='lat'>,</span> <span class='ocrx_word' id='word_1_75' title='bbox 1735 602 1773 640; x_wconf 85' lang='lat'>&amp;</span> <span class='ocrx_word' id='word_1_76' title='bbox 1792 600 1852 638; x_wconf 90' lang='lat' dir='ltr'>in-</span> 
     </span>
     <span class='ocr_line' id='line_1_11' title="bbox 521 649 1848 701; baseline 0.002 -13"><span class='ocrx_word' id='word_1_77' title='bbox 521 650 786 689; x_wconf 86' lang='lat' dir='ltr'>constantiam</span> <span class='ocrx_word' id='word_1_78' title='bbox 804 651 854 690; x_wconf 88' lang='lat' dir='ltr'>ad</span> <span class='ocrx_word' id='word_1_79' title='bbox 870 651 1026 690; x_wconf 87' lang='lat' dir='ltr'>incerta</span> <span class='ocrx_word' id='word_1_80' title='bbox 1042 675 1055 695; x_wconf 86' lang='lat'>,</span> <span class='ocrx_word' id='word_1_81' title='bbox 1072 651 1109 690; x_wconf 64' lang='lat'>8&lt;</span> <span class='ocrx_word' id='word_1_82' title='bbox 1128 649 1268 699; x_wconf 87' lang='lat' dir='ltr'>ignota</span> <span class='ocrx_word' id='word_1_83' title='bbox 1283 663 1422 701; x_wconf 84' lang='lat' dir='ltr'>opera,</span> <span class='ocrx_word' id='word_1_84' title='bbox 1439 653 1517 691; x_wconf 87' lang='lat' dir='ltr'>fine</span> <span class='ocrx_word' id='word_1_85' title='bbox 1535 654 1618 691; x_wconf 85' lang='lat' dir='ltr'>ulla</span> <span class='ocrx_word' id='word_1_86' title='bbox 1637 653 1753 692; x_wconf 85' lang='lat' dir='ltr'>causa</span> <span class='ocrx_word' id='word_1_87' title='bbox 1769 677 1780 697; x_wconf 89' lang='lat'>,</span> <span class='ocrx_word' id='word_1_88' title='bbox 1811 653 1848 691; x_wconf 71' lang='lat' dir='ltr'>Sc</span> 
     </span>
     <span class='ocr_line' id='line_1_12' title="bbox 521 702 1851 753; baseline 0.002 -13"><span class='ocrx_word' id='word_1_89' title='bbox 521 702 798 753; x_wconf 85' lang='lat' dir='ltr'>procujusque</span> <span class='ocrx_word' id='word_1_90' title='bbox 817 703 988 743; x_wconf 89' lang='lat' dir='ltr'>arbitrio</span> <span class='ocrx_word' id='word_1_91' title='bbox 1006 729 1018 749; x_wconf 92' lang='lat'>,</span> <span class='ocrx_word' id='word_1_92' title='bbox 1051 702 1227 743; x_wconf 75' lang='lat' dir='ltr'>&amp;libitu</span> <span class='ocrx_word' id='word_1_93' title='bbox 1243 728 1257 748; x_wconf 91' lang='lat'>,</span> <span class='ocrx_word' id='word_1_94' title='bbox 1282 705 1409 743; x_wconf 86' lang='lat' dir='ltr'>etiam</span> <span class='ocrx_word' id='word_1_95' title='bbox 1431 714 1713 744; x_wconf 75' lang='lat' dir='ltr'>extraneorum</span> <span class='ocrx_word' id='word_1_96' title='bbox 1742 730 1754 749; x_wconf 89' lang='lat'>‚</span> <span class='ocrx_word' id='word_1_97' title='bbox 1783 704 1851 753; x_wconf 87' lang='lat' dir='ltr'>qui</span> 
     </span>
     <span class='ocr_line' id='line_1_13' title="bbox 522 755 1848 805; baseline 0.003 -13"><span class='ocrx_word' id='word_1_98' title='bbox 522 755 711 805; x_wconf 87' lang='lat' dir='ltr'>quotidie</span> <span class='ocrx_word' id='word_1_99' title='bbox 727 755 996 795; x_wconf 79' lang='lat' dir='ltr'>diversimode</span> <span class='ocrx_word' id='word_1_100' title='bbox 1010 756 1192 804; x_wconf 86' lang='lat' dir='ltr'>cogitare</span> <span class='ocrx_word' id='word_1_101' title='bbox 1209 778 1222 799; x_wconf 85' lang='lat'><strong>‚</strong></span> <span class='ocrx_word' id='word_1_102' title='bbox 1256 769 1302 795; x_wconf 80' lang='lat' dir='ltr'>ac</span> <span class='ocrx_word' id='word_1_103' title='bbox 1320 757 1465 795; x_wconf 81' lang='lat' dir='ltr'>diversi</span> <span class='ocrx_word' id='word_1_104' title='bbox 1484 757 1522 795; x_wconf 92' lang='lat' dir='ltr'>in</span> <span class='ocrx_word' id='word_1_105' title='bbox 1540 770 1709 796; x_wconf 84' lang='lat' dir='ltr'>munere</span> <span class='ocrx_word' id='word_1_106' title='bbox 1741 756 1848 796; x_wconf 61' lang='lat' dir='ltr'>effe.»</span> 
     </span>
     <span class='ocr_line' id='line_1_14' title="bbox 523 805 1851 859; baseline 0.002 -15"><span class='ocrx_word' id='word_1_107' title='bbox 523 805 677 855; x_wconf 81' lang='lat' dir='ltr'>possent</span> <span class='ocrx_word' id='word_1_108' title='bbox 694 833 705 850; x_wconf 90' lang='lat'><strong>‚</strong></span> <span class='ocrx_word' id='word_1_109' title='bbox 733 809 991 855; x_wconf 85' lang='lat' dir='ltr'>permiserint</span> <span class='ocrx_word' id='word_1_110' title='bbox 1011 833 1023 852; x_wconf 93' lang='lat'>‚</span> <span class='ocrx_word' id='word_1_111' title='bbox 1055 808 1178 847; x_wconf 89' lang='lat' dir='ltr'>iidem</span> <span class='ocrx_word' id='word_1_112' title='bbox 1199 808 1264 855; x_wconf 80' lang='lat' dir='ltr'>ipsi</span> <span class='ocrx_word' id='word_1_113' title='bbox 1280 833 1293 852; x_wconf 86' lang='lat'>‚</span> <span class='ocrx_word' id='word_1_114' title='bbox 1325 809 1393 859; x_wconf 87' lang='lat' dir='ltr'>qni</span> <span class='ocrx_word' id='word_1_115' title='bbox 1411 809 1672 849; x_wconf 80' lang='lat' dir='ltr'>durationem</span> <span class='ocrx_word' id='word_1_116' title='bbox 1703 809 1851 858; x_wconf 82' lang='lat' dir='ltr'>prioris</span> 
     </span>
     <span class='ocr_line' id='line_1_15' title="bbox 523 859 1849 910; baseline 0.002 -14"><span class='ocrx_word' id='word_1_117' title='bbox 523 859 744 907; x_wconf 74' lang='lat' dir='ltr'>praescripti</span> <span class='ocrx_word' id='word_1_118' title='bbox 762 861 899 900; x_wconf 88' lang='lat' dir='ltr'>cultus</span> <span class='ocrx_word' id='word_1_119' title='bbox 915 873 1007 910; x_wconf 87' lang='lat' dir='ltr'>erga</span> <span class='ocrx_word' id='word_1_120' title='bbox 1024 859 1324 900; x_wconf 70' lang='lat' dir='ltr'>Sanfflffimum</span> <span class='ocrx_word' id='word_1_121' title='bbox 1358 861 1666 900; x_wconf 76' lang='lat' dir='ltr'>Sacramentum</span> <span class='ocrx_word' id='word_1_122' title='bbox 1686 887 1698 905; x_wconf 90' lang='lat'>‚</span> <span class='ocrx_word' id='word_1_123' title='bbox 1728 872 1849 909; x_wconf 84' lang='lat' dir='ltr'>quern</span> 
     </span>
     <span class='ocr_line' id='line_1_16' title="bbox 520 911 1846 962; baseline 0.003 -13"><span class='ocrx_word' id='word_1_124' title='bbox 520 911 804 951; x_wconf 84' lang='lat' dir='ltr'>excitaverant</span> <span class='ocrx_word' id='word_1_125' title='bbox 837 922 955 952; x_wconf 88' lang='lat' dir='ltr'>antea</span> <span class='ocrx_word' id='word_1_126' title='bbox 984 912 1311 962; x_wconf 77' lang='lat' dir='ltr'>diligentissime,</span> <span class='ocrx_word' id='word_1_127' title='bbox 1342 912 1582 952; x_wconf 79' lang='lat' dir='ltr'>infuturum</span> <span class='ocrx_word' id='word_1_128' title='bbox 1607 912 1684 953; x_wconf 82' lang='lat' dir='ltr'>esse</span> <span class='ocrx_word' id='word_1_129' title='bbox 1700 925 1846 962; x_wconf 82' lang='lat' dir='ltr'>perpe-</span> 
     </span>
     <span class='ocr_line' id='line_1_17' title="bbox 519 971 1214 1012; baseline 0.003 -11"><span class='ocrx_word' id='word_1_130' title='bbox 519 971 639 1001; x_wconf 81' lang='lat' dir='ltr'>tuum</span> <span class='ocrx_word' id='word_1_131' title='bbox 656 972 874 1012; x_wconf 77' lang='lat' dir='ltr'>tantopere</span> <span class='ocrx_word' id='word_1_132' title='bbox 890 974 1189 1012; x_wconf 78' lang='lat' dir='ltr'>exoptaverunt</span> <span class='ocrx_word' id='word_1_133' title='bbox 1205 994 1214 1003; x_wconf 94' lang='lat'><strong><em>.</em></strong></span> 
     </span>
    </p>

    <p class='ocr_par' dir='ltr' id='par_1_4' title="bbox 469 1012 1852 1320">
     <span class='ocr_line' id='line_1_18' title="bbox 469 1012 1849 1066; baseline 0.002 -15"><span class='ocrx_word' id='word_1_134' title='bbox 469 1012 565 1052; x_wconf 88' lang='lat' dir='ltr'>Non</span> <span class='ocrx_word' id='word_1_135' title='bbox 580 1015 646 1053; x_wconf 88' lang='lat' dir='ltr'>abs</span> <span class='ocrx_word' id='word_1_136' title='bbox 665 1027 706 1053; x_wconf 87' lang='lat' dir='ltr'>re</span> <span class='ocrx_word' id='word_1_137' title='bbox 722 1012 822 1060; x_wconf 82' lang='lat' dir='ltr'>fuit,</span> <span class='ocrx_word' id='word_1_138' title='bbox 840 1025 885 1055; x_wconf 94' lang='lat' dir='ltr'>ut</span> <span class='ocrx_word' id='word_1_139' title='bbox 903 1019 985 1054; x_wconf 81' lang='lat' dir='ltr'>haec</span> <span class='ocrx_word' id='word_1_140' title='bbox 1003 1017 1042 1055; x_wconf 91' lang='lat' dir='ltr'>in</span> <span class='ocrx_word' id='word_1_141' title='bbox 1058 1018 1273 1066; x_wconf 64' lang='lat' dir='ltr'>conspec‘tu</span> <span class='ocrx_word' id='word_1_142' title='bbox 1292 1018 1536 1057; x_wconf 82' lang='lat' dir='ltr'>haberentur</span> <span class='ocrx_word' id='word_1_143' title='bbox 1551 1018 1598 1057; x_wconf 83' lang='lat' dir='ltr'>ad</span> <span class='ocrx_word' id='word_1_144' title='bbox 1616 1017 1849 1057; x_wconf 81' lang='lat' dir='ltr'>dilucidan-</span> 
     </span>
     <span class='ocr_line' id='line_1_19' title="bbox 516 1065 1846 1119; baseline 0.002 -15"><span class='ocrx_word' id='word_1_145' title='bbox 516 1065 610 1104; x_wconf 91' lang='lat' dir='ltr'>dam</span> <span class='ocrx_word' id='word_1_146' title='bbox 626 1067 758 1114; x_wconf 79' lang='lat' dir='ltr'>primo</span> <span class='ocrx_word' id='word_1_147' title='bbox 778 1068 859 1116; x_wconf 89' lang='lat' dir='ltr'>ipso</span> <span class='ocrx_word' id='word_1_148' title='bbox 872 1069 1019 1107; x_wconf 91' lang='lat' dir='ltr'>obtutu</span> <span class='ocrx_word' id='word_1_149' title='bbox 1037 1094 1050 1113; x_wconf 92' lang='lat'><strong>‚</strong></span> <span class='ocrx_word' id='word_1_150' title='bbox 1078 1078 1276 1119; x_wconf 87' lang='lat' dir='ltr'>quantum</span> <span class='ocrx_word' id='word_1_151' title='bbox 1308 1070 1395 1108; x_wconf 81' lang='lat' dir='ltr'>fieri</span> <span class='ocrx_word' id='word_1_152' title='bbox 1422 1070 1547 1114; x_wconf 77' lang='lat' dir='ltr'>poffet</span> <span class='ocrx_word' id='word_1_153' title='bbox 1567 1097 1579 1116; x_wconf 83' lang='lat'><strong>‚</strong></span> <span class='ocrx_word' id='word_1_154' title='bbox 1607 1080 1846 1109; x_wconf 83' lang='lat' dir='ltr'>controver-</span> 
     </span>
     <span class='ocr_line' id='line_1_20' title="bbox 518 1119 1852 1170; baseline 0.002 -14"><span class='ocrx_word' id='word_1_155' title='bbox 518 1119 614 1157; x_wconf 84' lang='lat' dir='ltr'>fiam</span> <span class='ocrx_word' id='word_1_156' title='bbox 633 1144 646 1162; x_wconf 90' lang='lat'>,</span> <span class='ocrx_word' id='word_1_157' title='bbox 665 1132 748 1169; x_wconf 67' lang='lat' dir='ltr'>qua:</span> <span class='ocrx_word' id='word_1_158' title='bbox 769 1120 954 1170; x_wconf 85' lang='lat' dir='ltr'>ambigua</span> <span class='ocrx_word' id='word_1_159' title='bbox 973 1123 1025 1161; x_wconf 88' lang='lat' dir='ltr'>est</span> <span class='ocrx_word' id='word_1_160' title='bbox 1043 1131 1160 1161; x_wconf 84' lang='lat' dir='ltr'>certe</span> <span class='ocrx_word' id='word_1_161' title='bbox 1177 1145 1189 1163; x_wconf 74' lang='lat'><strong>‚</strong></span> <span class='ocrx_word' id='word_1_162' title='bbox 1225 1123 1263 1160; x_wconf 65' lang='grc' dir='ltr'>δι’.</span> <span class='ocrx_word' id='word_1_163' title='bbox 1283 1135 1399 1170; x_wconf 78' lang='lat' dir='ltr'>quam</span> <span class='ocrx_word' id='word_1_164' title='bbox 1417 1123 1622 1162; x_wconf 85' lang='lat' dir='ltr'>variantes</span> <span class='ocrx_word' id='word_1_165' title='bbox 1641 1124 1733 1161; x_wconf 82' lang='lat' dir='ltr'>hinc</span> <span class='ocrx_word' id='word_1_166' title='bbox 1757 1121 1852 1159; x_wconf 81' lang='lat' dir='ltr'>inde</span> 
     </span>
     <span class='ocr_line' id='line_1_21' title="bbox 518 1170 1850 1221; baseline 0.002 -14"><span class='ocrx_word' id='word_1_167' title='bbox 518 1170 736 1211; x_wconf 83' lang='lat' dir='ltr'>sententiae</span> <span class='ocrx_word' id='word_1_168' title='bbox 755 1183 1003 1218; x_wconf 79' lang='lat' dir='ltr'>exceperunt</span> <span class='ocrx_word' id='word_1_169' title='bbox 1022 1204 1031 1212; x_wconf 90' lang='lat'><strong>.</strong></span> <span class='ocrx_word' id='word_1_170' title='bbox 1062 1173 1140 1213; x_wconf 81' lang='lat' dir='ltr'>EE.</span> <span class='ocrx_word' id='word_1_171' title='bbox 1162 1173 1326 1212; x_wconf 85' lang='lat' dir='ltr'>Patrnm</span> <span class='ocrx_word' id='word_1_172' title='bbox 1345 1174 1527 1213; x_wconf 57' lang='lat' dir='ltr'>doctrina</span> <span class='ocrx_word' id='word_1_173' title='bbox 1546 1173 1850 1221; x_wconf 67' lang='lat' dir='ltr'>circumspiciet</span> 
     </span>
     <span class='ocr_line' id='line_1_22' title="bbox 517 1222 1844 1275; baseline 0.002 -16"><span class='ocrx_word' id='word_1_174' title='bbox 517 1222 657 1262; x_wconf 84' lang='lat' dir='ltr'>omnia</span> <span class='ocrx_word' id='word_1_175' title='bbox 673 1247 687 1267; x_wconf 87' lang='lat'>‚</span> <span class='ocrx_word' id='word_1_176' title='bbox 714 1232 759 1262; x_wconf 93' lang='lat' dir='ltr'>ut</span> <span class='ocrx_word' id='word_1_177' title='bbox 791 1225 1023 1273; x_wconf 85' lang='lat' dir='ltr'>responsum</span> <span class='ocrx_word' id='word_1_178' title='bbox 1050 1225 1151 1264; x_wconf 90' lang='lat' dir='ltr'>dent</span> <span class='ocrx_word' id='word_1_179' title='bbox 1179 1226 1294 1275; x_wconf 84' lang='lat' dir='ltr'>super</span> <span class='ocrx_word' id='word_1_180' title='bbox 1315 1226 1362 1265; x_wconf 88' lang='lat'>11.</span> <span class='ocrx_word' id='word_1_181' title='bbox 1379 1228 1512 1272; x_wconf 59' lang='lat' dir='ltr'>duma,</span> <span class='ocrx_word' id='word_1_182' title='bbox 1546 1230 1582 1266; x_wconf 65' lang='grc' dir='ltr'>δε</span> <span class='ocrx_word' id='word_1_183' title='bbox 1601 1227 1672 1265; x_wconf 80' lang='lat'><em>111.</em></span> <span class='ocrx_word' id='word_1_184' title='bbox 1692 1252 1704 1271; x_wconf 87' lang='lat'>‚</span> <span class='ocrx_word' id='word_1_185' title='bbox 1736 1224 1844 1275; x_wconf 87' lang='lat' dir='ltr'>quod</span> 
     </span>
     <span class='ocr_line' id='line_1_23' title="bbox 520 1276 784 1320; baseline 0.011 -9"><span class='ocrx_word' id='word_1_186' title='bbox 520 1276 784 1320; x_wconf 74' lang='lat' dir='ltr'>consequitur</span> 
     </span>
    </p>

    <p class='ocr_par' dir='ltr' id='par_1_5' title="bbox 469 1325 1851 1379">
     <span class='ocr_line' id='line_1_24' title="bbox 469 1325 1851 1379; baseline 0.007 -18"><span class='ocrx_word' id='word_1_187' title='bbox 469 1325 540 1362; x_wconf 77' lang='lat' dir='ltr'>An</span> <span class='ocrx_word' id='word_1_188' title='bbox 560 1327 609 1375; x_wconf 79' lang='lat' dir='ltr'>fit</span> <span class='ocrx_word' id='word_1_189' title='bbox 630 1329 802 1375; x_wconf 81' lang='lat' dir='ltr'>standum</span> <span class='ocrx_word' id='word_1_190' title='bbox 817 1354 831 1374; x_wconf 89' lang='lat'>,</span> <span class='ocrx_word' id='word_1_191' title='bbox 860 1329 1169 1367; x_wconf 52' lang='lat' dir='ltr'>velut-edendum</span> <span class='ocrx_word' id='word_1_192' title='bbox 1183 1331 1335 1377; x_wconf 78' lang='lat' dir='ltr'>adccisis</span> <span class='ocrx_word' id='word_1_193' title='bbox 1356 1330 1467 1379; x_wconf 73' lang='lat' dir='ltr'>super</span> <span class='ocrx_word' id='word_1_194' title='bbox 1484 1333 1531 1369; x_wconf 90' lang='lat' dir='ltr'>Il.</span> <span class='ocrx_word' id='word_1_195' title='bbox 1554 1335 1593 1375; x_wconf 61' lang='grc' dir='ltr'>ἐγ</span> <span class='ocrx_word' id='word_1_196' title='bbox 1608 1333 1674 1370; x_wconf 87' lang='lat' dir='ltr'><em>III.</em></span> <span class='ocrx_word' id='word_1_197' title='bbox 1695 1331 1780 1367; x_wconf 67' lang='lat' dir='ltr'>dul)-</span> <span class='ocrx_word' id='word_1_198' title='bbox 1813 1332 1851 1365; x_wconf 61' lang='lat'>1⁵71</span> 
     </span>
    </p>

    <p class='ocr_par' dir='ltr' id='par_1_6' title="bbox 574 1379 746 1427">
     <span class='ocr_line' id='line_1_25' title="bbox 574 1379 746 1427; baseline 0.017 -12"><span class='ocrx_word' id='word_1_199' title='bbox 574 1379 659 1427; x_wconf 85' lang='lat' dir='ltr'>casu</span> <span class='ocrx_word' id='word_1_200' title='bbox 672 1382 746 1424; x_wconf 65' lang='lat' dir='ltr'>&amp;a</span> 
     </span>
    </p>
   </div>
   <div class='ocr_carea' id='block_1_2' title="bbox 94 1534 1896 2769">
    <p class='ocr_par' dir='ltr' id='par_1_7' title="bbox 94 1534 1854 2368">
     <span class='ocr_line' id='line_1_26' title="bbox 121 1534 1853 1627; baseline 0.001 -58"><span class='ocrx_word' id='word_1_201' title='bbox 121 1534 241 1579; x_wconf 77' lang='lat' dir='ltr'>Sess.2</span> <span class='ocrx_word' id='word_1_202' title='bbox 254 1544 285 1576; x_wconf 86' lang='lat'>5.</span> <span class='ocrx_word' id='word_1_203' title='bbox 314 1534 430 1582; x_wconf 79' lang='lat' dir='ltr'>cap.6.</span> <span class='ocrx_word' id='word_1_204' title='bbox 471 1540 565 1627; x_wconf 85' lang='lat' dir='ltr'>V</span> <span class='ocrx_word' id='word_1_205' title='bbox 586 1534 732 1574; x_wconf 80' lang='lat' dir='ltr'><strong>ICEN.</strong></span> <span class='ocrx_word' id='word_1_206' title='bbox 766 1535 968 1574; x_wconf 79' lang='lat' dir='ltr'>Parochus</span> <span class='ocrx_word' id='word_1_207' title='bbox 985 1536 1035 1576; x_wconf 83' lang='lat' dir='ltr'>de</span> <span class='ocrx_word' id='word_1_208' title='bbox 1051 1536 1168 1574; x_wconf 74' lang='lat' dir='ltr'>Mara</span> <span class='ocrx_word' id='word_1_209' title='bbox 1182 1562 1194 1581; x_wconf 90' lang='lat'>‚</span> <span class='ocrx_word' id='word_1_210' title='bbox 1210 1538 1349 1586; x_wconf 79' lang='lat' dir='ltr'>oppidi</span> <span class='ocrx_word' id='word_1_211' title='bbox 1365 1538 1526 1584; x_wconf 80' lang='lat' dir='ltr'>Vicenfis</span> <span class='ocrx_word' id='word_1_212' title='bbox 1542 1536 1723 1574; x_wconf 68' lang='lat' dir='ltr'>dioecesis</span> <span class='ocrx_word' id='word_1_213' title='bbox 1741 1560 1752 1577; x_wconf 86' lang='lat'><strong>‚</strong></span> <span class='ocrx_word' id='word_1_214' title='bbox 1770 1537 1853 1572; x_wconf 80' lang='lat' dir='ltr'>Mi-</span> 
     </span>
     <span class='ocr_line' id='line_1_27' title="bbox 94 1586 1851 1636; baseline 0.003 -17"><span class='ocrx_word' id='word_1_215' title='bbox 94 1586 137 1621; x_wconf 53' lang='lat' dir='ltr'>da</span> <span class='ocrx_word' id='word_1_216' title='bbox 152 1586 310 1631; x_wconf 43' lang='lat' dir='ltr'>Reform,</span> <span class='ocrx_word' id='word_1_217' title='bbox 593 1586 695 1625; x_wconf 84' lang='lat' dir='ltr'>chael</span> <span class='ocrx_word' id='word_1_218' title='bbox 713 1587 848 1625; x_wconf 78' lang='lat' dir='ltr'>Vicens</span> <span class='ocrx_word' id='word_1_219' title='bbox 867 1588 1034 1627; x_wconf 85' lang='lat' dir='ltr'>tertiam</span> <span class='ocrx_word' id='word_1_220' title='bbox 1056 1589 1308 1628; x_wconf 68' lang='lat' dir='ltr'>haereditatis</span> <span class='ocrx_word' id='word_1_221' title='bbox 1326 1597 1485 1636; x_wconf 76' lang='lat' dir='ltr'>partem</span> <span class='ocrx_word' id='word_1_222' title='bbox 1513 1588 1590 1625; x_wconf 87' lang='lat' dir='ltr'>suis</span> <span class='ocrx_word' id='word_1_223' title='bbox 1611 1588 1851 1634; x_wconf 70' lang='lat' dir='ltr'>pauperibus</span> 
     </span>
     <span class='ocr_line' id='line_1_28' title="bbox 525 1637 1853 1691; baseline -0.002 -13"><span class='ocrx_word' id='word_1_224' title='bbox 525 1638 684 1688; x_wconf 87' lang='lat' dir='ltr'>legavit</span> <span class='ocrx_word' id='word_1_225' title='bbox 701 1662 714 1681; x_wconf 84' lang='lat'>‚</span> <span class='ocrx_word' id='word_1_226' title='bbox 744 1651 829 1688; x_wconf 81' lang='lat' dir='ltr'>quae</span> <span class='ocrx_word' id='word_1_227' title='bbox 846 1650 962 1678; x_wconf 84' lang='lat' dir='ltr'>certo</span> <span class='ocrx_word' id='word_1_228' title='bbox 980 1640 1102 1678; x_wconf 88' lang='lat' dir='ltr'>modo</span> <span class='ocrx_word' id='word_1_229' title='bbox 1119 1666 1130 1686; x_wconf 90' lang='lat'>,</span> <span class='ocrx_word' id='word_1_230' title='bbox 1162 1654 1207 1680; x_wconf 87' lang='lat' dir='ltr'>ac</span> <span class='ocrx_word' id='word_1_231' title='bbox 1225 1651 1339 1681; x_wconf 83' lang='lat' dir='ltr'>certa</span> <span class='ocrx_word' id='word_1_232' title='bbox 1361 1639 1595 1691; x_wconf 85' lang='lat' dir='ltr'>quantitate</span> <span class='ocrx_word' id='word_1_233' title='bbox 1613 1666 1624 1683; x_wconf 88' lang='lat'>‚</span> <span class='ocrx_word' id='word_1_234' title='bbox 1659 1637 1786 1676; x_wconf 71' lang='lat' dir='ltr'>trinus</span> <span class='ocrx_word' id='word_1_235' title='bbox 1806 1650 1853 1676; x_wconf 81' lang='lat' dir='ltr'>ex</span> 
     </span>
     <span class='ocr_line' id='line_1_29' title="bbox 527 1690 1849 1741; baseline -0.002 -11"><span class='ocrx_word' id='word_1_236' title='bbox 527 1690 574 1730; x_wconf 83' lang='lat' dir='ltr'>iis</span> <span class='ocrx_word' id='word_1_237' title='bbox 592 1690 895 1729; x_wconf 81' lang='lat' dir='ltr'>distribueretur</span> <span class='ocrx_word' id='word_1_238' title='bbox 909 1716 921 1734; x_wconf 88' lang='lat'><strong>‚</strong></span> <span class='ocrx_word' id='word_1_239' title='bbox 935 1691 1063 1731; x_wconf 88' lang='lat' dir='ltr'>donec</span> <span class='ocrx_word' id='word_1_240' title='bbox 1080 1705 1153 1741; x_wconf 88' lang='lat' dir='ltr'>pec</span> <span class='ocrx_word' id='word_1_241' title='bbox 1163 1694 1254 1732; x_wconf 82' lang='lat' dir='ltr'>unia</span> <span class='ocrx_word' id='word_1_242' title='bbox 1273 1706 1317 1733; x_wconf 78' lang='lat' dir='ltr'>ex</span> <span class='ocrx_word' id='word_1_243' title='bbox 1335 1693 1446 1731; x_wconf 73' lang='lat' dir='ltr'>bonis</span> <span class='ocrx_word' id='word_1_244' title='bbox 1468 1692 1646 1741; x_wconf 81' lang='lat' dir='ltr'>cogenda</span> <span class='ocrx_word' id='word_1_245' title='bbox 1666 1699 1849 1729; x_wconf 70' lang='lat' dir='ltr'>extaret.</span> 
     </span>
     <span class='ocr_line' id='line_1_30' title="bbox 524 1741 1853 1795; baseline -0.002 -13"><span class='ocrx_word' id='word_1_246' title='bbox 524 1743 666 1782; x_wconf 86' lang='lat' dir='ltr'>Multo</span> <span class='ocrx_word' id='word_1_247' title='bbox 684 1741 843 1780; x_wconf 73' lang='lat' dir='ltr'>fortasse</span> <span class='ocrx_word' id='word_1_248' title='bbox 861 1745 1003 1788; x_wconf 85' lang='lat' dir='ltr'>major,</span> <span class='ocrx_word' id='word_1_249' title='bbox 1022 1757 1141 1795; x_wconf 88' lang='lat' dir='ltr'>quam</span> <span class='ocrx_word' id='word_1_250' title='bbox 1164 1748 1331 1785; x_wconf 85' lang='lat' dir='ltr'>testator</span> <span class='ocrx_word' id='word_1_251' title='bbox 1349 1745 1650 1785; x_wconf 84' lang='lat' dir='ltr'>existimaverat</span> <span class='ocrx_word' id='word_1_252' title='bbox 1682 1742 1853 1790; x_wconf 83' lang='lat' dir='ltr'>pecunia</span> 
     </span>
     <span class='ocr_line' id='line_1_31' title="bbox 526 1791 1852 1847; baseline -0.001 -14"><span class='ocrx_word' id='word_1_253' title='bbox 526 1797 578 1834; x_wconf 87' lang='lat' dir='ltr'>est</span> <span class='ocrx_word' id='word_1_254' title='bbox 597 1824 606 1833; x_wconf 90' lang='lat'>.</span> <span class='ocrx_word' id='word_1_255' title='bbox 642 1795 885 1834; x_wconf 82' lang='lat' dir='ltr'>Executores</span> <span class='ocrx_word' id='word_1_256' title='bbox 916 1798 1208 1836; x_wconf 88' lang='lat' dir='ltr'>testamentarii</span> <span class='ocrx_word' id='word_1_257' title='bbox 1239 1798 1448 1847; x_wconf 88' lang='lat' dir='ltr'>petierunt</span> <span class='ocrx_word' id='word_1_258' title='bbox 1465 1821 1478 1840; x_wconf 93' lang='lat'>‚</span> <span class='ocrx_word' id='word_1_259' title='bbox 1509 1804 1553 1834; x_wconf 91' lang='lat' dir='ltr'>ut</span> <span class='ocrx_word' id='word_1_260' title='bbox 1570 1807 1616 1834; x_wconf 83' lang='lat' dir='ltr'>ex</span> <span class='ocrx_word' id='word_1_261' title='bbox 1638 1806 1684 1834; x_wconf 83' lang='lat' dir='ltr'>ea</span> <span class='ocrx_word' id='word_1_262' title='bbox 1706 1791 1852 1832; x_wconf 84' lang='lat' dir='ltr'>fundus</span> 
     </span>
     <span class='ocr_line' id='line_1_32' title="bbox 526 1846 1853 1902; baseline -0.002 -17"><span class='ocrx_word' id='word_1_263' title='bbox 526 1846 840 1885; x_wconf 85' lang='lat' dir='ltr'>constitueretur</span> <span class='ocrx_word' id='word_1_264' title='bbox 862 1873 872 1891; x_wconf 93' lang='lat'>,</span> <span class='ocrx_word' id='word_1_265' title='bbox 901 1849 1064 1897; x_wconf 82' lang='lat' dir='ltr'>ejusque</span> <span class='ocrx_word' id='word_1_266' title='bbox 1084 1850 1235 1889; x_wconf 85' lang='lat' dir='ltr'>reditus</span> <span class='ocrx_word' id='word_1_267' title='bbox 1253 1876 1266 1895; x_wconf 85' lang='lat'>‚</span> <span class='ocrx_word' id='word_1_268' title='bbox 1299 1850 1481 1888; x_wconf 53' lang='lat' dir='ltr'>detratqa</span> <span class='ocrx_word' id='word_1_269' title='bbox 1515 1846 1731 1897; x_wconf 84' lang='lat' dir='ltr'>quotannis</span> <span class='ocrx_word' id='word_1_270' title='bbox 1748 1847 1853 1902; x_wconf 68' lang='lat' dir='ltr'>snm-</span> 
     </span>
     <span class='ocr_line' id='line_1_33' title="bbox 523 1899 1851 1950; baseline -0.002 -13"><span class='ocrx_word' id='word_1_271' title='bbox 523 1911 588 1937; x_wconf 91' lang='lat' dir='ltr'>ma</span> <span class='ocrx_word' id='word_1_272' title='bbox 607 1899 733 1936; x_wconf 88' lang='lat' dir='ltr'>tribus</span> <span class='ocrx_word' id='word_1_273' title='bbox 750 1900 987 1946; x_wconf 79' lang='lat' dir='ltr'>pauperibus</span> <span class='ocrx_word' id='word_1_274' title='bbox 1005 1901 1210 1950; x_wconf 83' lang='lat' dir='ltr'>largienda</span> <span class='ocrx_word' id='word_1_275' title='bbox 1226 1927 1238 1946; x_wconf 91' lang='lat'><strong>‚</strong></span> <span class='ocrx_word' id='word_1_276' title='bbox 1268 1913 1339 1950; x_wconf 87' lang='lat' dir='ltr'>pro</span> <span class='ocrx_word' id='word_1_277' title='bbox 1357 1899 1637 1943; x_wconf 87' lang='lat' dir='ltr'>constituendo</span> <span class='ocrx_word' id='word_1_278' title='bbox 1653 1899 1851 1937; x_wconf 84' lang='lat' dir='ltr'>benencio</span> 
     </span>
     <span class='ocr_line' id='line_1_34' title="bbox 525 1950 1850 2002; baseline -0.004 -12"><span class='ocrx_word' id='word_1_279' title='bbox 525 1950 793 1990; x_wconf 84' lang='lat' dir='ltr'>ecclefiastico</span> <span class='ocrx_word' id='word_1_280' title='bbox 826 1951 1064 1991; x_wconf 83' lang='lat' dir='ltr'>inservirent</span> <span class='ocrx_word' id='word_1_281' title='bbox 1086 1982 1095 1991; x_wconf 89' lang='lat'>.</span> <span class='ocrx_word' id='word_1_282' title='bbox 1131 1953 1332 2002; x_wconf 82' lang='lat' dir='ltr'>Proposita</span> <span class='ocrx_word' id='word_1_283' title='bbox 1360 1953 1474 1993; x_wconf 87' lang='lat' dir='ltr'>causa</span> <span class='ocrx_word' id='word_1_284' title='bbox 1501 1953 1562 1989; x_wconf 85' lang='lat' dir='ltr'>die</span> <span class='ocrx_word' id='word_1_285' title='bbox 1592 1957 1652 1989; x_wconf 86' lang='lat'>28.</span> <span class='ocrx_word' id='word_1_286' title='bbox 1673 1950 1850 1998; x_wconf 60' lang='lat' dir='ltr'>Jammm</span> 
     </span>
     <span class='ocr_line' id='line_1_35' title="bbox 519 2002 1849 2054; baseline 0.001 -16"><span class='ocrx_word' id='word_1_287' title='bbox 519 2006 702 2052; x_wconf 77' lang='lat' dir='ltr'>praeteriti</span> <span class='ocrx_word' id='word_1_288' title='bbox 720 2006 807 2039; x_wconf 82' lang='lat' dir='ltr'>anm·</span> <span class='ocrx_word' id='word_1_289' title='bbox 827 2018 839 2041; x_wconf 89' lang='lat'>1</span> <span class='ocrx_word' id='word_1_290' title='bbox 851 2009 937 2051; x_wconf 83' lang='lat'><strong>764.</strong></span> <span class='ocrx_word' id='word_1_291' title='bbox 959 2006 996 2042; x_wconf 88' lang='lat' dir='ltr'>sn</span> <span class='ocrx_word' id='word_1_292' title='bbox 1006 2016 1073 2047; x_wconf 88' lang='lat' dir='ltr'>per</span> <span class='ocrx_word' id='word_1_293' title='bbox 1090 2005 1210 2044; x_wconf 90' lang='lat' dir='ltr'>dubio</span> <span class='ocrx_word' id='word_1_294' title='bbox 1226 2018 1273 2045; x_wconf 89' lang='lat' dir='ltr'>an</span> <span class='ocrx_word' id='word_1_295' title='bbox 1289 2006 1384 2045; x_wconf 76' lang='lat' dir='ltr'>esset</span> <span class='ocrx_word' id='word_1_296' title='bbox 1401 2005 1653 2054; x_wconf 61' lang='lat' dir='ltr'>consulergdum</span> <span class='ocrx_word' id='word_1_297' title='bbox 1665 2002 1849 2050; x_wconf 66' lang='lat' dir='ltr'>Sanfliffi-</span> 
     </span>
     <span class='ocr_line' id='line_1_36' title="bbox 525 2053 1851 2107; baseline 0.002 -16"><span class='ocrx_word' id='word_1_298' title='bbox 525 2068 578 2091; x_wconf 83' lang='lat' dir='ltr'>mo</span> <span class='ocrx_word' id='word_1_299' title='bbox 589 2064 651 2103; x_wconf 81' lang='lat' dir='ltr'>pro</span> <span class='ocrx_word' id='word_1_300' title='bbox 666 2059 939 2093; x_wconf 78' lang='lat' dir='ltr'>commutatione</span> <span class='ocrx_word' id='word_1_301' title='bbox 955 2057 1156 2094; x_wconf 65' lang='lat' dir='ltr'>voluntatis</span> <span class='ocrx_word' id='word_1_302' title='bbox 1173 2083 1184 2102; x_wconf 89' lang='lat'>‚</span> <span class='ocrx_word' id='word_1_303' title='bbox 1213 2061 1252 2095; x_wconf 79' lang='lat' dir='ltr'>in</span> <span class='ocrx_word' id='word_1_304' title='bbox 1279 2059 1362 2107; x_wconf 61' lang='lat' dir='ltr'>cafix</span> <span class='ocrx_word' id='word_1_305' title='bbox 1378 2061 1452 2102; x_wconf 59' lang='lat' dir='ltr'>&amp;a</span> <span class='ocrx_word' id='word_1_306' title='bbox 1484 2055 1640 2104; x_wconf 83' lang='lat' dir='ltr'>placuit</span> <span class='ocrx_word' id='word_1_307' title='bbox 1659 2053 1709 2094; x_wconf 83' lang='lat' dir='ltr'>de</span> <span class='ocrx_word' id='word_1_308' title='bbox 1725 2053 1851 2102; x_wconf 78' lang='lat' dir='ltr'>depo-</span> 
     </span>
     <span class='ocr_line' id='line_1_37' title="bbox 524 2106 1851 2156; baseline -0.001 -11"><span class='ocrx_word' id='word_1_309' title='bbox 524 2108 600 2145; x_wconf 82' lang='lat' dir='ltr'>sito</span> <span class='ocrx_word' id='word_1_310' title='bbox 617 2106 794 2153; x_wconf 76' lang='lat' dir='ltr'>pecnniae</span> <span class='ocrx_word' id='word_1_311' title='bbox 811 2108 913 2156; x_wconf 83' lang='lat' dir='ltr'>apud</span> <span class='ocrx_word' id='word_1_312' title='bbox 933 2108 1055 2147; x_wconf 68' lang='lat' dir='ltr'>„tdem</span> <span class='ocrx_word' id='word_1_313' title='bbox 1073 2110 1221 2148; x_wconf 84' lang='lat' dir='ltr'>sacram</span> <span class='ocrx_word' id='word_1_314' title='bbox 1241 2110 1406 2149; x_wconf 88' lang='lat' dir='ltr'>interim</span> <span class='ocrx_word' id='word_1_315' title='bbox 1421 2109 1528 2148; x_wconf 58' lang='lat' dir='ltr'>facto</span> <span class='ocrx_word' id='word_1_316' title='bbox 1546 2134 1558 2152; x_wconf 85' lang='lat'>‚</span> <span class='ocrx_word' id='word_1_317' title='bbox 1589 2108 1628 2148; x_wconf 72' lang='lat' dir='ltr'>Sc</span> <span class='ocrx_word' id='word_1_318' title='bbox 1646 2106 1695 2146; x_wconf 89' lang='lat' dir='ltr'>de</span> <span class='ocrx_word' id='word_1_319' title='bbox 1712 2106 1851 2156; x_wconf 82' lang='lat' dir='ltr'>acqui-</span> 
     </span>
     <span class='ocr_line' id='line_1_38' title="bbox 525 2157 1852 2210; baseline -0.002 -13"><span class='ocrx_word' id='word_1_320' title='bbox 525 2159 653 2197; x_wconf 84' lang='lat' dir='ltr'>rendo</span> <span class='ocrx_word' id='word_1_321' title='bbox 684 2157 809 2197; x_wconf 83' lang='lat' dir='ltr'>fundo</span> <span class='ocrx_word' id='word_1_322' title='bbox 825 2173 839 2199; x_wconf 70' lang='lat'>5</span> <span class='ocrx_word' id='word_1_323' title='bbox 876 2159 941 2199; x_wconf 90' lang='lat' dir='ltr'>sed</span> <span class='ocrx_word' id='word_1_324' title='bbox 972 2161 1184 2206; x_wconf 82' lang='lat' dir='ltr'>pecuniam</span> <span class='ocrx_word' id='word_1_325' title='bbox 1211 2174 1375 2201; x_wconf 86' lang='lat' dir='ltr'>omnem</span> <span class='ocrx_word' id='word_1_326' title='bbox 1406 2188 1418 2206; x_wconf 87' lang='lat'><strong>‚</strong></span> <span class='ocrx_word' id='word_1_327' title='bbox 1463 2160 1626 2210; x_wconf 85' lang='lat' dir='ltr'>ejusque</span> <span class='ocrx_word' id='word_1_328' title='bbox 1658 2167 1852 2197; x_wconf 86' lang='lat' dir='ltr'>venturos</span> 
     </span>
     <span class='ocr_line' id='line_1_39' title="bbox 527 2210 1852 2263; baseline -0.002 -14"><span class='ocrx_word' id='word_1_329' title='bbox 527 2211 684 2249; x_wconf 82' lang='lat' dir='ltr'>reditus</span> <span class='ocrx_word' id='word_1_330' title='bbox 701 2223 921 2260; x_wconf 84' lang='lat' dir='ltr'>pauperum</span> <span class='ocrx_word' id='word_1_331' title='bbox 940 2210 1016 2252; x_wconf 84' lang='lat' dir='ltr'>esse</span> <span class='ocrx_word' id='word_1_332' title='bbox 1038 2213 1325 2258; x_wconf 77' lang='lat' dir='ltr'>existimatum,</span> <span class='ocrx_word' id='word_1_333' title='bbox 1345 2215 1658 2263; x_wconf 78' lang='lat' dir='ltr'>responsumque</span> <span class='ocrx_word' id='word_1_334' title='bbox 1680 2210 1772 2249; x_wconf 89' lang='lat' dir='ltr'>ideo</span> <span class='ocrx_word' id='word_1_335' title='bbox 1787 2210 1852 2248; x_wconf 90' lang='lat' dir='ltr'>est:</span> 
     </span>
     <span class='ocr_line' id='line_1_40' title="bbox 530 2262 1853 2315; baseline 0.002 -15"><span class='ocrx_word' id='word_1_336' title='bbox 530 2266 699 2310; x_wconf 68' lang='lat' dir='ltr'>negative</span> <span class='ocrx_word' id='word_1_337' title='bbox 716 2288 729 2308; x_wconf 83' lang='lat'>‚</span> <span class='ocrx_word' id='word_1_338' title='bbox 750 2267 791 2308; x_wconf 69' lang='lat'>&amp;⁵</span> <span class='ocrx_word' id='word_1_339' title='bbox 806 2263 873 2313; x_wconf 65' lang='grc' dir='ltr'>ι’βῖε2</span> <span class='ocrx_word' id='word_1_340' title='bbox 887 2267 1076 2313; x_wconf 83' lang='lat' dir='ltr'>erogandos</span> <span class='ocrx_word' id='word_1_341' title='bbox 1092 2268 1231 2304; x_wconf 79' lang='lat' dir='ltr'>reditus</span> <span class='ocrx_word' id='word_1_342' title='bbox 1248 2268 1372 2309; x_wconf 73' lang='lat' dir='ltr'>favore</span> <span class='ocrx_word' id='word_1_343' title='bbox 1385 2276 1582 2315; x_wconf 78' lang='lat' dir='ltr'>pauperum</span> <span class='ocrx_word' id='word_1_344' title='bbox 1598 2289 1611 2308; x_wconf 93' lang='lat'>‚</span> <span class='ocrx_word' id='word_1_345' title='bbox 1639 2267 1681 2307; x_wconf 73' lang='lat'>&amp;¹</span> <span class='ocrx_word' id='word_1_346' title='bbox 1699 2264 1746 2300; x_wconf 85' lang='lat' dir='ltr'>ad</span> <span class='ocrx_word' id='word_1_347' title='bbox 1762 2262 1853 2299; x_wconf 83' lang='lat' dir='ltr'>hunc</span> 
     </span>
     <span class='ocr_line' id='line_1_41' title="bbox 535 2315 1854 2368; baseline 0.001 -17"><span class='ocrx_word' id='word_1_348' title='bbox 535 2315 694 2362; x_wconf 66' lang='lat' dir='ltr'>effeFt&#39;um</span> <span class='ocrx_word' id='word_1_349' title='bbox 702 2316 888 2364; x_wconf 78' lang='lat' dir='ltr'>scribatur</span> <span class='ocrx_word' id='word_1_350' title='bbox 903 2318 1069 2367; x_wconf 80' lang='lat' dir='ltr'>Episcopo</span> <span class='ocrx_word' id='word_1_351' title='bbox 1090 2317 1207 2368; x_wconf 75' lang='lat' dir='ltr'>juxta</span> <span class='ocrx_word' id='word_1_352' title='bbox 1231 2321 1490 2368; x_wconf 67' lang='lat' dir='ltr'>instruezionem</span> <span class='ocrx_word' id='word_1_353' title='bbox 1507 2347 1517 2358; x_wconf 83' lang='lat'><strong>.</strong></span> <span class='ocrx_word' id='word_1_354' title='bbox 1551 2315 1783 2356; x_wconf 84' lang='lat' dir='ltr'>Videndum</span> <span class='ocrx_word' id='word_1_355' title='bbox 1801 2315 1854 2353; x_wconf 88' lang='lat' dir='ltr'>est</span> 
     </span>
    </p>

    <p class='ocr_par' dir='ltr' id='par_1_8' title="bbox 484 2368 1896 2577">
     <span class='ocr_line' id='line_1_42' title="bbox 531 2368 1784 2424; baseline 0.01 -21"><span class='ocrx_word' id='word_1_356' title='bbox 531 2368 662 2414; x_wconf 70' lang='lat' dir='ltr'>folfum</span> <span class='ocrx_word' id='word_1_357' title='bbox 677 2371 752 2405; x_wconf 86' lang='lat' dir='ltr'>diei</span> <span class='ocrx_word' id='word_1_358' title='bbox 763 2371 996 2417; x_wconf 78' lang='lat' dir='ltr'>praecedentis</span> <span class='ocrx_word' id='word_1_359' title='bbox 1014 2384 1075 2418; x_wconf 83' lang='lat'>14.</span> <span class='ocrx_word' id='word_1_360' title='bbox 1093 2371 1273 2419; x_wconf 71' lang='lat' dir='ltr'>Jamtarii</span> <span class='ocrx_word' id='word_1_361' title='bbox 1292 2401 1301 2411; x_wconf 90' lang='lat'><strong>.</strong></span> <span class='ocrx_word' id='word_1_362' title='bbox 1776 2418 1784 2424; x_wconf 55' lang='grc'>,</span> 
     </span>
     <span class='ocr_line' id='line_1_43' title="bbox 484 2418 1896 2473; baseline 0.004 -16"><span class='ocrx_word' id='word_1_363' title='bbox 484 2421 686 2466; x_wconf 82' lang='lat' dir='ltr'>Scriptum</span> <span class='ocrx_word' id='word_1_364' title='bbox 706 2422 757 2458; x_wconf 88' lang='lat' dir='ltr'>est</span> <span class='ocrx_word' id='word_1_365' title='bbox 777 2420 972 2470; x_wconf 80' lang='lat' dir='ltr'>Episcopo</span> <span class='ocrx_word' id='word_1_366' title='bbox 989 2448 1002 2466; x_wconf 89' lang='lat'>‚</span> <span class='ocrx_word' id='word_1_367' title='bbox 1034 2432 1078 2462; x_wconf 91' lang='lat' dir='ltr'>ut</span> <span class='ocrx_word' id='word_1_368' title='bbox 1095 2423 1276 2463; x_wconf 70' lang='lat' dir='ltr'>distin-Ste</span> <span class='ocrx_word' id='word_1_369' title='bbox 1304 2421 1477 2462; x_wconf 85' lang='lat' dir='ltr'>referret</span> <span class='ocrx_word' id='word_1_370' title='bbox 1505 2422 1554 2461; x_wconf 90' lang='lat' dir='ltr'>de</span> <span class='ocrx_word' id='word_1_371' title='bbox 1573 2432 1669 2460; x_wconf 88' lang='lat' dir='ltr'>vero</span> <span class='ocrx_word' id='word_1_372' title='bbox 1698 2418 1855 2463; x_wconf 71' lang='lat' dir='ltr'>reditu,</span> <span class='ocrx_word' id='word_1_373' title='bbox 1886 2458 1896 2473; x_wconf 61' lang='lat'><em>„</em></span> 
     </span>
     <span class='ocr_line' id='line_1_44' title="bbox 535 2471 1853 2526; baseline 0.005 -19"><span class='ocrx_word' id='word_1_374' title='bbox 535 2472 599 2519; x_wconf 84' lang='lat' dir='ltr'>qni</span> <span class='ocrx_word' id='word_1_375' title='bbox 615 2471 691 2511; x_wconf 73' lang='lat' dir='ltr'>effe</span> <span class='ocrx_word' id='word_1_376' title='bbox 712 2472 836 2521; x_wconf 74' lang='lat' dir='ltr'>posset</span> <span class='ocrx_word' id='word_1_377' title='bbox 851 2487 865 2513; x_wconf 73' lang='lat'><em>3</em></span> <span class='ocrx_word' id='word_1_378' title='bbox 880 2473 930 2513; x_wconf 89' lang='lat' dir='ltr'>de</span> <span class='ocrx_word' id='word_1_379' title='bbox 948 2476 1047 2513; x_wconf 83' lang='lat' dir='ltr'>statu</span> <span class='ocrx_word' id='word_1_380' title='bbox 1066 2476 1263 2523; x_wconf 66' lang='lat' dir='ltr'>parochia:</span> <span class='ocrx_word' id='word_1_381' title='bbox 1284 2476 1334 2514; x_wconf 91' lang='lat' dir='ltr'>de</span> <span class='ocrx_word' id='word_1_382' title='bbox 1347 2478 1459 2513; x_wconf 81' lang='lat' dir='ltr'>Mura</span> <span class='ocrx_word' id='word_1_383' title='bbox 1477 2499 1488 2518; x_wconf 93' lang='lat'>‚</span> <span class='ocrx_word' id='word_1_384' title='bbox 1521 2473 1684 2521; x_wconf 87' lang='lat' dir='ltr'>ejusque</span> <span class='ocrx_word' id='word_1_385' title='bbox 1701 2482 1853 2526; x_wconf 44' lang='lat' dir='ltr'>paupe-</span> 
     </span>
     <span class='ocr_line' id='line_1_45' title="bbox 535 2521 1854 2577; baseline -0.002 -15"><span class='ocrx_word' id='word_1_386' title='bbox 535 2535 621 2559; x_wconf 82' lang='lat' dir='ltr'>rum</span> <span class='ocrx_word' id='word_1_387' title='bbox 638 2537 650 2562; x_wconf 85' lang='grc'>,·</span> <span class='ocrx_word' id='word_1_388' title='bbox 679 2536 722 2563; x_wconf 91' lang='lat' dir='ltr'>ac</span> <span class='ocrx_word' id='word_1_389' title='bbox 737 2534 780 2563; x_wconf 91' lang='lat' dir='ltr'>ut</span> <span class='ocrx_word' id='word_1_390' title='bbox 798 2525 846 2564; x_wconf 90' lang='lat' dir='ltr'>de</span> <span class='ocrx_word' id='word_1_391' title='bbox 862 2525 985 2565; x_wconf 92' lang='lat' dir='ltr'>modo</span> <span class='ocrx_word' id='word_1_392' title='bbox 1002 2552 1014 2571; x_wconf 92' lang='lat'>‚</span> <span class='ocrx_word' id='word_1_393' title='bbox 1048 2527 1155 2566; x_wconf 90' lang='lat' dir='ltr'>inter</span> <span class='ocrx_word' id='word_1_394' title='bbox 1169 2540 1359 2577; x_wconf 84' lang='lat' dir='ltr'>pauperes</span> <span class='ocrx_word' id='word_1_395' title='bbox 1375 2535 1532 2565; x_wconf 88' lang='lat' dir='ltr'>tantum</span> <span class='ocrx_word' id='word_1_396' title='bbox 1552 2549 1565 2568; x_wconf 89' lang='lat'>‚</span> <span class='ocrx_word' id='word_1_397' title='bbox 1596 2521 1854 2563; x_wconf 78' lang='lat' dir='ltr'>distribuendi</span> 
     </span>
    </p>

    <p class='ocr_par' dir='ltr' id='par_1_9' title="bbox 536 2574 1136 2628">
     <span class='ocr_line' id='line_1_46' title="bbox 536 2574 1136 2628; baseline 0.013 -18"><span class='ocrx_word' id='word_1_398' title='bbox 536 2574 690 2628; x_wconf 79' lang='lat' dir='ltr'>sensum</span> <span class='ocrx_word' id='word_1_399' title='bbox 711 2577 766 2614; x_wconf 87' lang='lat' dir='ltr'>sni</span> <span class='ocrx_word' id='word_1_400' title='bbox 788 2578 912 2616; x_wconf 84' lang='lat' dir='ltr'>animi</span> <span class='ocrx_word' id='word_1_401' title='bbox 932 2579 1109 2627; x_wconf 86' lang='lat' dir='ltr'>aperiret</span> <span class='ocrx_word' id='word_1_402' title='bbox 1126 2608 1136 2618; x_wconf 82' lang='grc'><strong>.</strong></span> 
     </span>
    </p>

    <p class='ocr_par' dir='ltr' id='par_1_10' title="bbox 486 2622 1856 2769">
     <span class='ocr_line' id='line_1_47' title="bbox 486 2622 1853 2680; baseline 0.002 -20"><span class='ocrx_word' id='word_1_403' title='bbox 486 2622 625 2661; x_wconf 86' lang='lat' dir='ltr'>Paruit</span> <span class='ocrx_word' id='word_1_404' title='bbox 645 2627 871 2675; x_wconf 79' lang='lat' dir='ltr'>Episcopus:</span> <span class='ocrx_word' id='word_1_405' title='bbox 885 2630 934 2669; x_wconf 86' lang='lat' dir='ltr'>de</span> <span class='ocrx_word' id='word_1_406' title='bbox 949 2630 1085 2670; x_wconf 82' lang='lat' dir='ltr'>reditu</span> <span class='ocrx_word' id='word_1_407' title='bbox 1102 2630 1221 2673; x_wconf 78' lang='lat' dir='ltr'>dixit,</span> <span class='ocrx_word' id='word_1_408' title='bbox 1238 2632 1331 2680; x_wconf 81' lang='lat' dir='ltr'>quod</span> <span class='ocrx_word' id='word_1_409' title='bbox 1344 2632 1525 2680; x_wconf 76' lang='lat' dir='ltr'>quantitas</span> <span class='ocrx_word' id='word_1_410' title='bbox 1543 2641 1588 2666; x_wconf 87' lang='lat' dir='ltr'>ex</span> <span class='ocrx_word' id='word_1_411' title='bbox 1604 2630 1701 2665; x_wconf 80' lang='lat' dir='ltr'>bonis</span> <span class='ocrx_word' id='word_1_412' title='bbox 1720 2626 1853 2665; x_wconf 75' lang='lat' dir='ltr'>vendi-</span> 
     </span>
     <span class='ocr_line' id='line_1_48' title="bbox 536 2678 1850 2767; baseline -0.009 -40"><span class='ocrx_word' id='word_1_413' title='bbox 536 2678 598 2722; x_wconf 54' lang='grc' dir='ltr'>ἠῢ</span> <span class='ocrx_word' id='word_1_414' title='bbox 614 2680 831 2729; x_wconf 57' lang='lat' dir='ltr'>nummisque</span> <span class='ocrx_word' id='word_1_415' title='bbox 845 2693 890 2721; x_wconf 77' lang='lat' dir='ltr'>ex</span> <span class='ocrx_word' id='word_1_416' title='bbox 907 2685 1017 2723; x_wconf 70' lang='grc' dir='ltr'><em>αιιῖἶὶς</em></span> <span class='ocrx_word' id='word_1_417' title='bbox 1034 2687 1154 2724; x_wconf 77' lang='lat' dir='ltr'>terciae</span> <span class='ocrx_word' id='word_1_418' title='bbox 1163 2687 1277 2732; x_wconf 75' lang='lat' dir='ltr'>partis</span> <span class='ocrx_word' id='word_1_419' title='bbox 1282 2682 1481 2732; x_wconf 67' lang='lat' dir='ltr'>saepediflae</span> <span class='ocrx_word' id='word_1_420' title='bbox 1495 2680 1711 2730; x_wconf 76' lang='lat' dir='ltr'>universalis</span> <span class='ocrx_word' id='word_1_421' title='bbox 1735 2684 1850 2767; x_wconf 68' lang='lat' dir='ltr'>hdaere-</span> 
     </span>
     <span class='ocr_line' id='line_1_49' title="bbox 1781 2734 1856 2769; baseline -0.013 0"><span class='ocrx_word' id='word_1_422' title='bbox 1781 2734 1856 2769; x_wconf 77' lang='lat' dir='ltr'>ita·</span> 
     </span>
    </p>
   </div>
  </div>
 </body>
</html>
