1986 2996
515 156 589 184 πυ
1004 138 1186 193 31.Maj'i
1220 142 1332 186 1766.

512 195 592 234 lius
619 190 879 233 concedenda
910 213 924 235 ‚
951 203 1042 231 nam
1072 193 1255 242 impletis
1282 191 1468 232 oneribus
1513 194 1825 236 testamentariis

512 247 717 285 abundant
731 270 742 289 ,
771 256 818 283 ac
847 243 896 283 ad
911 244 1146 284 sodalitium
1159 248 1203 283 S.
1223 246 1378 284 Nicolai
1410 244 1529 283 unice
1544 248 1795 292 pertinerem
1810 277 1820 286 .

510 296 752 335 Consentire
772 307 840 336 eos
859 296 1029 342 omues,
1060 309 1231 348 quorum
1259 297 1422 336 interest
1450 326 1460 335 .
1492 296 1595 334 Tam
1626 298 1823 337 vicarium
1965 333 1966 339 ,

511 348 781 394 capitularem
800 375 812 393 ,
842 361 963 398 quam
984 350 1113 396 postea
1129 362 1279 388 novum
1296 348 1659 398 Archiepiscopum
1689 351 1824 390 lauda·
1965 356 1966 377 ¹

511 397 609 438 viffe
626 425 638 444 ‚
658 412 704 438 ac
722 401 887 440 laudare
902 403 1038 439 omnia
1058 430 1067 440 .

459 451 647 499 vicarius
671 452 911 499 capitularis
942 453 981 491 in
1013 453 1091 491 suis
1128 453 1261 493 literis
1291 455 1365 491 diei
1381 459 1416 492 5.
1437 453 1670 503 Julii1763.
1689 477 1702 497 ‚
1732 456 1821 496 (ἃς.

514 504 724 541 Decembris
758 504 936 550 ejusdem
966 510 1051 543 anni
1078 505 1128 545 de
1161 505 1345 545 facienda
1370 504 1623 546 conceffione
1650 504 1794 543 retulit
1811 533 1820 543 .
1976 520 1980 553 3

513 555 591 593 Sed
618 556 857 604 rescriptum
898 557 936 596 ei
963 559 1015 596 est
1038 583 1050 601 ‚
1083 569 1123 595 ut
1151 559 1303 605 referret
1329 560 1373 595 de
1400 572 1502 602 onere
1536 557 1748 603 reficiendi,
1782 559 1825 599 &⁴

513 608 739 657 restaurandi
755 608 829 647 eccl
833 611 948 659 esiam,
964 610 1191 659 anspefiaret
1206 613 1254 647 ad
1263 613 1454 659 parochum
1472 635 1484 654 ‚
1513 609 1575 647 vel
1588 612 1823 647 communita-

513 669 610 704 tem,
641 664 683 704 &³
704 661 813 710 super
842 665 1044 712 quantitate
1072 688 1084 708 ‚
1114 667 1157 707 ὠ·
1180 665 1392 702 modicitate
1423 665 1604 701 redituum
1622 662 1827 710 parochia»,

512 713 573 750 vel
589 714 857 761 impossibilitate
886 728 931 752 ex
955 724 1063 763 parte
1092 717 1355 753 communitatis
1373 741 1383 759 ‚
1415 719 1457 759 &¹
1474 716 1799 764 parochianorum-³
1815 739 1826 750 .

512 762 733 813 Respondit
750 778 760 802 ζ
790 767 907 815 adeſje
920 770 1063 817 quidem
1076 769 1214 806 reditus
1224 777 1286 816 pro
1295 768 1440 815 fabrica
1459 768 1645 816 destinatos
1662 791 1674 810 ‚
1693 765 1763 812 sed
1786 776 1827 800 ea

514 816 560 865 est
575 818 697 854 horum
710 820 830 867 inopia
847 845 859 864 ‚
890 829 931 857 ut
958 829 1058 868 opera
1087 822 1266 868 consuetos
1299 821 1466 857 annuales
1485 820 1652 869 sumptus
1660 817 1822 864 facere-s

513 872 685 916 egerrime
710 870 836 909 valeat
863 883 873 908 t
893 874 1065 920 parochus
1096 884 1215 910 aretem
1243 875 1406 922 quamvis
1435 871 1542 921 paulo
1571 871 1699 907 ditiori
1715 868 1825 915 censu

507 921 660 967 fruatur
676 945 689 964 ‚
716 932 767 960 tot
782 926 993 973 ,tantisque
1003 933 1255 972 praegravatur
1281 926 1442 962 oneribus
1460 948 1473 967 ,
1502 933 1545 960 ut
1574 933 1726 969 congrua
1753 917 1827 956 ali-

514 981 634 1008 menta
646 977 684 1008 in
699 975 829 1012 celebri
838 976 1035 1023 praesertim
1053 978 1266 1025 Oppidosibi
1279 976 1472 1023 neceffizria
1488 978 1554 1012 vix
1567 977 1600 1011 ei
1618 972 1797 1023 supersint
1811 999 1823 1010 .

516 1024 759 1062 communitas
782 1029 869 1063 item
899 1028 960 1074 etst
977 1027 1206 1074 locupletibus
1231 1027 1369 1076 polleat
1388 1028 1615 1075 proventibus
1629 1050 1642 1069 ‚
1671 1033 1826 1074 praeter-

516 1078 716 1124 quamquod
740 1078 936 1126 plurimum
961 1082 1145 1127 quotannis
1171 1082 1373 1128 impendere
1399 1082 1536 1125 cogitur
1560 1080 1601 1114 in
1620 1080 1730 1115 trium
1748 1087 1827 1112 ma-

515 1129 611 1163 xime
628 1127 954 1177 ludimagistrorum
971 1153 982 1171 ,
1011 1143 1075 1165 nec
1102 1144 1169 1168 non
1182 1132 1312 1168 medici
1327 1156 1339 1175 ‚
1367 1132 1594 1178 chirurgique
1613 1129 1795 1177 stipendia
1810 1151 1826 1172 ‚

514 1179 702 1214 immodico
715 1180 794 1227 plus
811 1184 922 1217 trium
947 1179 1101 1216 millium
1120 1194 1307 1218 aureorum
1332 1196 1399 1218 ere
1413 1184 1510 1217 modo
1535 1185 1716 1228 premitur
1731 1179 1825 1215 alie-

514 1240 582 1266 no:
610 1232 705 1265 inter
715 1234 947 1278 parochianos
964 1233 1105 1268 demum
1125 1232 1211 1271 licet
1221 1234 1340 1281 plures
1351 1234 1424 1281 fint
1439 1257 1450 1276 ‚
1481 1235 1541 1281 qui
1567 1233 1683 1279 opibus
1711 1231 1826 1266 abun-

513 1282 602 1316 dant
618 1305 631 1323 ,
660 1282 802 1330 difficile
833 1292 981 1326 tamen3
1011 1286 1048 1318 ni
1066 1283 1191 1331 sponte
1218 1285 1361 1328 velint,
1392 1286 1440 1320 ad
1462 1284 1710 1332 opitulandum
1737 1281 1829 1325 refe-⁸

515 1334 618 1369 &iani
634 1357 645 1375 ‚
675 1335 720 1370 de
734 1347 803 1383 qua
821 1338 941 1383 agitur
958 1358 970 1377 ‚
1002 1345 1106 1371 erunt
1129 1337 1280 1384 profeffio
1309 1338 1481 1385 adigendi
1497 1347 1506 1373 :
1535 1335 1763 1372 nihilominus
1780 1335 1831 1370 ht

508 1393 571 1433 pro
607 1386 745 1423 viribus
783 1388 928 1437 quisque
952 1387 1032 1435 suis
1060 1390 1097 1423 in
1113 1388 1229 1436 sacrae
1256 1387 1360 1440 hujus
1394 1389 1479 1426 aedis
1506 1387 1821 1438 instaurationem-

513 1446 610 1485 opem
626 1437 787 1484 conferre
804 1440 910 1486 suam
933 1449 1131 1477 curarunt:
1160 1445 1388 1479 communitas
1415 1445 1538 1490 quippe
1559 1444 1643 1480 163.
1662 1439 1769 1486 scuta
1785 1440 1823 1474 in

513 1502 592 1526 eam
605 1492 825 1529 contribuere
833 1492 977 1540 studuit
996 1503 1005 1528 :
1034 1501 1134 1540 opera
1164 1497 1201 1530 in
1214 1497 1341 1531 vitreis
1367 1492 1516 1542 ecclestae
1533 1518 1545 1536 ‚
1578 1492 1743 1540 chorique
1765 1489 1825 1534 fe·-

513 1541 634 1589 nestris
651 1542 854 1587 reficiendis
873 1569 885 1588 ‚
915 1556 1020 1592 quam
1034 1544 1178 1589 valuit,
1210 1546 1402 1594 impensam
1422 1546 1539 1594 posuit
1563 1573 1573 1582 .
1606 1542 1821 1581 Parochiani

513 1594 660 1630 tandem
675 1597 712 1630 in
729 1594 904 1642 lignorum
927 1621 938 1639 ‚
957 1596 1199 1645 saxorumque
1230 1600 1536 1646 comportationem
1559 1622 1572 1640 ‚
1602 1604 1706 1644 atque
1722 1593 1821 1631 elar-

507 1647 683 1692 gitionem
696 1648 794 1683 haud
809 1649 985 1684 modicam
1003 1648 1168 1684 haetenus
1182 1659 1376 1698 erogarunt
1388 1674 1399 1691 ‚
1430 1663 1471 1686 ac
1487 1648 1638 1685 ulterius
1654 1651 1686 1682 ei
1702 1672 1714 1689 ‚
1743 1659 1818 1695 qua

506 1697 691 1744 supererit
712 1722 724 1741 ‚
755 1709 892 1737 centum
924 1709 1028 1748 prope
1055 1713 1243 1738 aureorum
1271 1701 1431 1750 impenfae
1456 1699 1545 1748 sunt
1560 1699 1819 1736 contribuere-s

511 1751 657 1797 paratis
686 1763 795 1797 quare
815 1765 893 1788 cum
908 1754 951 1788 de
968 1755 1104 1799 ingenti
1125 1764 1254 1800 agatur
1259 1754 1435 1802 stipendio
1452 1775 1464 1794 ‚
1493 1753 1585 1800 quod
1599 1763 1661 1786 nec
1677 1752 1822 1787 ordina-

514 1803 610 1837 rium
626 1824 637 1843 ,
668 1814 732 1838 nec
748 1803 949 1850 consuetam
963 1804 1010 1850 est
1029 1828 1040 1846 ‚
1059 1804 1129 1850 sed
1143 1806 1323 1852 insuetum
1333 1804 1473 1854 prorsus
1500 1806 1549 1840 ad
1554 1803 1699 1850 sacram
1713 1803 1824 1837 aedem

505 1851 659 1899 solidius
677 1878 688 1896 ‚
718 1853 983 1902 elegantiusque
1012 1855 1303 1902 instaurandam,
1329 1869 1372 1893 ac
1394 1863 1628 1903 congruenter
1654 1864 1824 1889 exornan-

512 1904 596 1939 dam
605 1907 718 1950 potius
737 1930 749 1947 ‚
779 1918 883 1954 quam
898 1905 1126 1949 reficiendam
1140 1931 1153 1950 ‚
1182 1907 1516 1957 restaurandamque
1542 1904 1819 1952 neceffariunm‚

517 1956 607 1991 mihi
638 1958 800 2004 equidem
812 1959 961 1993 videtur
979 1958 1150 1995 Oratores
1162 1960 1217 2008 pii
1228 1957 1341 2006 legati
1356 1983 1368 2002 ‚
1398 1961 1442 1996 de
1457 1972 1522 2007 quo
1538 1961 1575 1994 in
1587 1959 1732 1994 annexis
1743 1964 1824 2003 pre-

515 2008 628 2048 cibus,
642 2020 706 2044 nec
718 2022 787 2044 non
803 2010 967 2050 alterius,
985 2010 1029 2044 de
1040 2023 1104 2058 quo
1119 2017 1156 2047 in
1165 2011 1344 2059 postremis
1357 2013 1536 2061 precihus,
1544 2007 1825 2056 srui't'uumsub-

506 2055 790 2108 fidiojuvandos
807 2089 817 2098 .
1801 2102 1803 2104 μ

461 2109 745 2150 Nihilominus
769 2112 1000 2159 expeffhatus
1018 2113 1358 2163 Archiepiscopus
1376 2138 1389 2159 ,
1417 2114 1487 2165 qui
1507 2120 1730 2156 crearetur,
1744 2113 1796 2150 est
1810 2141 1820 2151 .

514 2161 551 2200 Is
570 2173 668 2200 vero
696 2162 967 2212 interrogatus
986 2189 999 2206 ‚
1030 2165 1204 2213 primum
1226 2166 1379 2215 scripfit
1411 2179 1421 2205 ε
1449 2181 1529 2206 cum
1545 2169 1701 2205 vicarias
1725 2167 1823 2213 capi·-

511 2213 640 2252 tularis
657 2214 913 2262 diligentiffime
927 2226 1012 2254 tunc
1030 2221 1143 2255 omnia
1156 2217 1439 2268 perlustraviffet
1451 2245 1464 2266 ,
1489 2221 1656 2268 comperit
1679 2218 1824 2265 praesta-

511 2280 551 2304 re
555 2266 873 2314 supplicationibus
891 2265 1050 2317 ejusdem
1072 2270 1225 2316 fabricae
1251 2284 1407 2309 annuere
1420 2297 1434 2318 ‚
1462 2283 1567 2318 atque
1590 2275 1644 2308 ita
1661 2270 1698 2305 in
1713 2269 1759 2304 iis
1773 2269 1824 2303 li-

509 2319 597 2355 teris
614 2319 730 2355 eidem
746 2321 871 2357 Sacrae
887 2322 1158 2368 Congregationi
1174 2323 1398 2370 fignificavit
1431 2353 1440 2363 .
1467 2324 1567 2360 Idem
1581 2334 1663 2369 ergo
1682 2322 1823 2370 pariter

501 2370 622 2420 sentio
636 2372 774 2407 auditis
791 2375 924 2409 iterum
941 2376 1136 2412 rationibus
1165 2389 1186 2412 a
1203 2377 1425 2415 curatoribus
1452 2385 1653 2412 memoratae
1670 2373 1824 2420 fabrice

511 2422 669 2471 expostus
687 2451 696 2460 .

457 2477 614 2516 Verum
630 2498 643 2517 ,
674 2487 767 2513 cum
784 2475 833 2514 ad
851 2489 939 2515 rem
954 2475 1257 2519 dilucidandam
1291 2489 1365 2518 non
1381 2476 1593 2518 videretur
1608 2476 1819 2518 sufficere»

508 2538 649 2573 parurn
679 2526 859 2566 distineta
882 2531 964 2566 haec
993 2530 1190 2577 responfio
1208 2555 1220 2574 ,
1251 2529 1343 2568 ideo
1373 2542 1480 2568 nova:
1496 2531 1598 2570 datae
1615 2532 1702 2569 sunt
1722 2529 1820 2568 lite-

508 2589 558 2613 η
576 2602 588 2619 ,
619 2586 662 2616 ut
679 2579 838 2627 plenius
855 2580 1011 2620 diceret
1031 2582 1225 2630 desumma
1243 2579 1436 2628 necefflzria
1456 2607 1467 2625 ‚
1498 2597 1573 2633 quae
1587 2585 1633 2620 ad
1650 2582 1820 2629 novaefoe·

508 2627 614 2664 bricae
626 2630 913 2678 complementum
939 2636 1166 2683 requiritur,
1196 2635 1321 2683 quibus
1349 2638 1474 2671 annuis
1504 2637 1679 2672 reditibus
1697 2634 1818 2670 ditata

498 2677 550 2726 fit
566 2688 667 2727 opera
683 2703 698 2725 ‚
711 2682 782 2729 seu
787 2684 935 2731 fabrica
952 2686 1101 2737 ecclefiae
1115 2709 1129 2731 2
1159 2688 1203 2731 ὠ·
1216 2694 1388 2735 quantum
1404 2709 1418 2732 ‚
1431 2688 1601 2726 detraffiis
1615 2684 1817 2733 neseffivriis

1693 2745 1823 2784 expen-
