2035 2969
517 182 589 205 100
721 181 725 187 ”
1198 196 1200 198 v
1815 184 1819 188 ’

144 215 240 262 Sess.
259 230 294 261 7.
326 226 400 268 cap.
417 230 454 263 7.
558 212 904 258 ALUTJARUM
936 211 1458 255 IRREGULARITATIS
1488 243 1499 252 .
1552 214 1748 254 Sacerdos
1780 218 1876 260 Bers

118 271 164 305 de
177 268 335 318 Reform.
574 272 706 308 nardus
723 270 864 307 Marini
879 277 925 304 ex
945 266 1094 314 oppido
1114 267 1332 314 Dragonerii
1350 265 1533 304 dioecesis
1553 268 1770 316 Salutienfis
1798 282 1869 307 cu—

543 323 622 361 rati
640 321 751 359 vices
766 318 934 367 gerebat
966 318 1004 357 in
1023 317 1305 362 Villamvetta,
1334 318 1402 367 qui
1435 319 1549 357 locus
1577 319 1698 357 subest
1727 322 1868 358 Abbati

545 376 624 411 SS.
641 374 796 409 Vitioris
815 395 827 414 ,
846 372 888 412 &⁶
904 370 1117 419 Constantios
1132 399 1141 409 .
1173 370 1295 408 Anno
1317 375 1425 415 1762.
1458 371 1553 408 dum
1572 368 1679 409 forte
1708 381 1794 410 erat
1830 374 1867 411 in

546 425 711 463 ecclesia
742 425 960 470 Dragonerii
994 421 1211 460 mulierem
1229 431 1466 463 extraneam
1498 432 1767 470 occupantem
1794 425 1866 462 suae

545 476 710 514 familia:
730 474 934 512 scamnum
963 472 1227 517 deturbavit,
1257 475 1516 523 dejecitque.
1547 472 1755 523 Regreil'us
1788 478 1871 513 Vil-

546 530 799 567 lamna-zenam
824 525 1006 565 monitus
1028 527 1078 564 est
1106 537 1127 564 a
1142 526 1253 567 curia
1284 527 1517 565 Salutiarum
1534 552 1546 570 ,
1579 536 1621 564 ut
1643 526 1690 565 ad
1708 527 1869 574 Episco-
1898 547 1902 550 ·

545 581 680 629 palem
698 578 950 617 audientiam
967 578 1184 618 accederet
1198 608 1207 617 .
1239 578 1377 618 Paruit
1396 605 1406 623 ‚
1433 579 1497 617 scd
1519 579 1612 628 quia
1627 590 1767 617 coram·
1780 579 1872 626 Epi-

543 633 662 680 scopo
679 630 884 670 introduci
917 642 996 670 non
1028 631 1162 680 potuit
1179 657 1191 678 ‚
1221 632 1299 670 sine
1317 631 1435 673 venia
1461 655 1472 675 ⁷
1506 632 1542 669 ἃ
1561 643 1601 670 re
1623 631 1780 680 prorsus
1813 631 1867 668 in-

543 683 648 725 ferta
665 684 787 723 rediit
804 712 813 724 .
1839 704 1841 707 .

494 734 641 776 Denuo
662 735 914 781 judicialiter
928 734 1109 775 monitus
1126 737 1178 777 est
1196 761 1208 780 ‚
1236 744 1282 773 ut
1303 734 1403 774 infra
1420 733 1601 772 triduum
1622 729 1689 773 sub
1717 744 1864 782 poenit„-

546 788 805 837 suspenfionis
818 789 990 838 ipsofaflo
1010 787 1163 832 judicio
1182 788 1218 826 se
1233 789 1381 827 sisteret
1398 817 1405 825 .
1422 786 1515 824 Non
1533 786 1861 835 obtemperavit.

543 841 820 890 Qamobrem
853 853 897 879 ea
913 839 1027 878 curia
1052 842 1112 877 die
1141 854 1200 879 20.
1220 840 1357 888 Junii,
1394 851 1430 877 in
1462 840 1753 878 comminatam
1784 850 1867 886 ρατ-

542 908 635 932 nam
670 891 846 931 incidisse
878 892 1107 930 declaravit
1134 918 1147 937 ,
1177 892 1350 939 publicis
1376 892 1425 929 ad
1451 893 1612 935 januam
1649 891 1776 929 etiam
1805 901 1869 928 ec-

544 946 669 984 clelia:
690 945 958 984 Vzllaenovettae
973 943 1098 982 affixis
1121 944 1264 983 ediftis
1282 974 1290 984 .
1310 942 1431 981 Curia
1450 952 1546 981 tunc
1570 945 1752 983 Abbatiae
1768 944 1863 980 susc,

543 1000 632 1043 jura
650 996 738 1035 laedi
756 995 929 1035 credidit
944 1009 957 1034 ,-
991 995 1083 1035 ideo
1102 997 1275 1044 apposita
1306 995 1437 1034 edifia
1464 996 1680 1046 Salutiezsta
1697 1018 1708 1037 ‚
1737 994 1795 1033 uti
1814 994 1868 1030 ir-

542 1050 621 1088 rita
647 1048 883 1097 abrogavit.
917 1048 1092 1088 Veteres
1109 1047 1201 1086 hinc
1221 1047 1328 1086 inter
1358 1056 1572 1095 utramque
1605 1048 1759 1086 curiam
1786 1046 1864 1084 de)

542 1100 822 1147 jurisdictione
839 1123 852 1142 a
868 1109 991 1149 atque
1012 1099 1273 1150 exemptione
1291 1101 1570 1140 controversiae
1598 1101 1646 1140 ab
1675 1100 1793 1149 stirpe
1810 1098 1868 1137 ul·-

544 1155 646 1193 tima
663 1153 915 1202 pullularunt
930 1181 939 1190 .

493 1206 618 1245 Curia
636 1205 819 1254 Episcopi
839 1215 960 1243 novas
979 1211 1076 1241 tunc
1107 1212 1245 1243 contra
1276 1207 1465 1242 Marinum
1493 1203 1693 1244 excitavit
1723 1215 1868 1253 quere·

541 1261 598 1298 las
615 1284 627 1302 ‚
653 1258 746 1306 quia
763 1269 907 1304 nempe
925 1264 1020 1294 ante
1038 1265 1204 1295 aetatem
1219 1258 1451 1304 legitimam
1470 1284 1481 1301 ,
1500 1268 1646 1295 novem
1665 1256 1861 1295 mensium

538 1312 738 1348 minorem
758 1333 769 1351 ‚
800 1309 895 1346 dolo
912 1332 923 1350 ‚
953 1319 997 1345 ac
1026 1306 1196 1350 fraude,
1226 1320 1317 1345 cum
1340 1308 1436 1347 falso
1455 1308 1684 1348 testimonio
1714 1307 1863 1351 aetatis,

536 1363 690 1400 sacrum
709 1362 1017 1406 presbyteratus
1036 1357 1220 1396 ordinem
1238 1358 1464 1407 suscepiffet
1485 1390 1493 1398 .

484 1416 641 1455 Verum
659 1411 767 1450 enim
783 1414 883 1450 vero
903 1409 1008 1448 inter
1026 1411 1095 1447 has
1112 1410 1439 1456 perturbationes
1459 1438 1469 1454 ,
1487 1411 1768 1459 tenebrasque,
1784 1421 1864 1447 non

534 1466 668 1504 multo
700 1464 780 1512 post
824 1464 889 1500 lux
922 1462 1055 1508 aliqua
1084 1462 1405 1510 tranquillitatis
1436 1462 1580 1502 affulsrt
1614 1492 1624 1500 .
1670 1458 1865 1500 Permiffu

533 1514 759 1557 Abbatialis
776 1515 947 1550 Marinus
976 1512 1128 1550 curiam
1158 1513 1261 1551 adiit
1289 1514 1473 1558 Episcopi
1509 1540 1521 1558 ‚
1550 1515 1663 1557 cujus
1692 1513 1865 1560 imperio

532 1569 754 1617 obsequens
773 1592 784 1610 ,
802 1564 959 1613 peregit
975 1565 1113 1602 omnia
1131 1590 1141 1607 ‚
1158 1576 1241 1614 qua*
1257 1563 1374 1609 julsus
1391 1570 1442 1603 est
1463 1567 1533 1604 :ab
1545 1565 1737 1602 ordinum
1751 1576 1883 1602 exer--

532 1620 635 1658 citio
653 1617 866 1657 abstinuits
883 1628 929 1655 ac
949 1615 1244 1666 dispensationem
1261 1618 1308 1655 ab
1323 1615 1761 1668 irregularitate‚curia
1778 1614 1860 1665 ipsa

534 1679 730 1710 monente
747 1695 758 1713 ‚
775 1670 900 1718 petiit
917 1699 927 1708 .
1038 1669 1040 1671 ’

484 1727 548 1766 De
566 1725 651 1768 ejus
669 1722 852 1771 precibus
872 1722 978 1760 inter
993 1720 1155 1758 libellos
1173 1722 1320 1760 oblatis
1337 1723 1469 1762 assum
1486 1722 1566 1760 fuit
1593 1721 1632 1760 in
1652 1721 1737 1760 Sac.
1753 1720 1862 1758 Con«

540 1775 777 1825 gregatione
794 1777 853 1813 die
875 1779 931 1812 18.
947 1774 1141 1810 Februarii
1167 1775 1286 1822 elapli
1305 1777 1397 1813 anni
1419 1781 1528 1822 1764.
1563 1773 1639 1812 Sed
1655 1799 1667 1817 ,
1705 1781 1749 1810 ut
1770 1784 1862 1819 per-

541 1828 634 1876 saepc
653 1826 819 1869 accidit,
839 1826 887 1865 ad
907 1825 1107 1863 diuturnse
1126 1825 1424 1865 emendationis
1443 1826 1764 1873 experimentum
1795 1826 1862 1862 ha-

539 1879 713 1919 bendum
730 1905 741 1924 ,
771 1879 930 1923 rejectae
953 1878 1042 1915 sunt
1058 1906 1068 1915 .
1101 1877 1233 1924 Ipsum
1251 1878 1354 1917 adiit
1386 1875 1817 1917 SANCTISSIMUM
1841 1901 1855 1919 ‚

541 1931 609 1982 qui
629 1931 839 1969 mandavit
852 1931 1063 1970 decretum
1088 1929 1177 1977 >Sac.
1193 1930 1530 1980 Congregationis
1546 1928 1693 1969 servari
1713 1958 1721 1966 .
1749 1927 1859 1966 Hinc

541 1984 625 2022 alio
642 1984 680 2022 se
696 1983 846 2022 vertit:
873 1982 1052 2031 disputat
1068 1993 1172 2020 nunc
1187 1982 1225 2020 se
1244 1983 1591 2033 irregularitatem
1610 1993 1687 2019 non
1701 1988 1858 2018 contra-

546 2034 668 2086 xiffe,
702 2035 763 2073 De
779 2037 852 2073 hoc
873 2035 1032 2083 agitur.

490 2088 583 2125 Duo
599 2087 730 2137 inquit
748 2085 826 2125 effe
842 2085 1108 2125 dubitationis
1125 2086 1387 2137 capita5quod
1405 2100 1482 2126 non
1499 2085 1676 2136 paruerit
1691 2083 1860 2123 manda-

543 2149 586 2178 to
603 2139 786 2185 Episcopi
809 2138 1042 2178 salutiensis
1055 2152 1069 2177 ,-
1095 2139 1200 2188 quod
1214 2140 1308 2177 dolo
1326 2138 1471 2179 fecerit
1485 2164 1498 2182 ‚
1515 2148 1560 2177 ut
1577 2147 1671 2177 ante
1693 2146 1858 2175 aetatem

543 2200 854 2238 promoveretur
871 2221 879 2230 .
912 2191 972 2229 De
989 2189 1018 2228 Ι.
1034 2214 1046 2233 ‚
1065 2199 1197 2229 certat
1214 2189 1386 2230 habuiffe
1415 2191 1647 2240 legitimam
1672 2189 1860 2229 causam„

538 2255 617 2281 non
636 2244 803 2292 parendi
820 2255 828 2280 :
844 2243 881 2282 se
897 2254 1036 2292 gerere
1064 2254 1207 2281 munus
1225 2243 1366 2282 vicarii
1384 2243 1515 2282 curati
1537 2243 1575 2282 in
1600 2243 1692 2280 loco
1723 2241 1855 2278 Villae-

537 2306 689 2334 novettae
705 2322 717 2340 ‚
746 2295 814 2346 qui
830 2295 941 2335 cert‘e
960 2294 1009 2333 ad
1031 2294 1244 2344 Abbatlam
1273 2298 1350 2334 SS.
1371 2297 1526 2334 Viffioris
1540 2322 1552 2340 ‚
1586 2298 1628 2338 (ζ’
1647 2293 1856 2343 Constantiae

538 2349 722 2396 pertinet
735 2377 744 2386 .
768 2348 984 2397 Antiquam
1001 2345 1075 2386 effe
1103 2348 1418 2387 controversiam
1435 2348 1485 2387 de
1500 2345 1759 2394 exemptione
1777 2369 1788 2387 ‚
1813 2344 1857 2381 fi-

539 2411 588 2437 ve
608 2400 852 2447 subjeffione
870 2401 951 2439 loci
971 2401 1076 2439 inter
1097 2400 1297 2439 Abbatem
1313 2425 1325 2443 ‚
1360 2402 1397 2440 Sc
1425 2399 1663 2449 Episcopum
1699 2425 1712 2443 ,
1742 2409 1859 2435 num-

539 2453 828 2499 quamjudicio
859 2450 1229 2499 SedisApostolicae
1255 2452 1435 2490 finitam.
1463 2451 1528 2490 Ad
1556 2452 1595 2490 se
1624 2461 1702 2489 non
1733 2448 1860 2497 perti-

537 2503 662 2542 nuisle
676 2507 723 2544 de
741 2518 785 2544 ea
802 2505 1004 2550 judicium
1018 2504 1139 2544 ferre.
1155 2502 1331 2543 Paruisse
1344 2513 1440 2543 tunc
1459 2504 1631 2550 imperio
1645 2501 1763 2542 curiae
1781 2501 1863 2540 Ab·

549 2552 709 2593 batialis
728 2583 738 2600 ,
758 2557 822 2595 cui
840 2558 998 2597 suberat
1016 2582 1028 2601 ‚
1055 2568 1106 2595 ne
1123 2555 1362 2595 accederet.
1394 2553 1544 2595 Vidisse
1564 2567 1633 2604 per
1652 2554 1862 2594 Vicarium

548 2603 803 2645 Abbatialem
822 2610 1014 2657 superiori
1031 2607 1127 2654 jussu
1153 2607 1322 2654 rescissa,
1338 2608 1523 2656 abrogata
1537 2632 1550 2650 ‚
1568 2607 1684 2648 refixa
1700 2606 1835 2647 edicta
1849 2633 1861 2643 .

541 2654 685 2704 Justam
718 2670 928 2700 !³r0pterea
944 2659 1290 2699 causamhabuiffe
1307 2687 1320 2705 ‚
1338 2669 1380 2698 ut
1399 2660 1496 2698 bona
1512 2660 1588 2699 fide
1607 2673 1684 2698 non
1701 2662 1862 2698 obtem-

540 2717 701 2756 peraret
722 2709 918 2761 Episcopo
935 2741 945 2752 .
976 2711 1179 2753 Defeciffe
1197 2713 1374 2762 spretum
1389 2736 1401 2757 ‚
1422 2723 1467 2752 ac
1483 2721 1769 2763 contemptum
1783 2719 1864 2764 sac

1728 2772 1865 2812 prom-
