1986 2996
514 153 565 198 76
938 137 1174 193 195Aprilis
1194 145 1307 190 1766.

106 257 401 311 Sess.22.eap.4.
464 201 532 291 F
553 245 863 293 AVENTINA
879 278 888 287 .

81 312 129 354 'de
146 313 307 362 Reform,
467 306 558 352 An,
583 307 627 347 (ἔγ
641 302 807 353 quomodo
813 302 863 350 fic
878 298 1135 347 consulendum
1152 298 1220 336 SS
1223 299 1274 333 7510
1286 304 1351 346 pro
1369 299 1641 335 commutatione
1660 298 1852 336 voluntatis

569 360 800 404 Hieronymae
817 355 915 402 Lega
932 355 1080 394 Turoni,
1099 355 1139 389 in
1155 348 1238 398 cafix
1254 351 1330 393 &a

622 511 720 552 Non
736 510 936 561 proposita
952 535 966 556 ‚
996 519 1090 548 curn
1108 506 1368 558 sequentibus
1386 534 1395 544 .

117 754 282 804 Ses³·25·
304 764 381 808 cap.
400 764 435 800 5·
472 722 554 815 C
575 769 834 811 AESENAT.
864 768 1105 809 LEGATI.

101 808 150 846 de
161 808 318 857 Refi'rm·
475 831 544 869 An
556 826 608 875 fit
613 825 784 874 standum
797 847 811 867 ‚
832 824 892 862 vel
905 825 1143 862 recedendum
1157 834 1177 858 a
1188 821 1388 871 dectfissnh
1405 823 1465 857 die
1485 826 1541 859 16.
1561 823 1697 858 Martii
1718 832 1783 865 171
1796 828 1848 862 5.‚

571 877 640 926 seu
651 881 767 926 potius
776 877 826 925 fit
841 877 933 914 locus
955 874 1339 921 concordiaesaciendae
1362 883 1424 921 pro
1441 876 1644 912 redufflzone
1663 872 1849 921 nlssarum

577 931 627 967 ad
638 931 868 967 medietatem
896 932 935 965 in
950 927 1034 976 casu
1049 930 1121 970 &c-

104 1177 107 1184 ,
132 1127 441 1174 Sess.25.cap.4.
480 1081 550 1169 B
568 1132 863 1174 ONONIEN.

104 1177 338 1225 deRefOYm·
477 1189 546 1228 An
569 1210 584 1230 ‚
614 1189 657 1229 ἐν
682 1190 719 1223 in
746 1200 815 1236 qua
846 1189 1050 1236 quantitate
1067 1186 1117 1234 fit
1147 1197 1242 1221 iocus
1274 1196 1459 1234 augmento
1489 1184 1746 1232 distributionis
1775 1188 1847 1220 in„-

588 1238 672 1287 casu
697 1239 771 1282 &c.

477 1442 859 1530 VITERBIEN.
890 1443 1063 1483 TAXAE
1094 1443 1388 1483 SEMINARII
1423 1474 1431 1483 .
1491 1442 1761 1481 Seminarium
1781 1440 1851 1478 Vi-

128 1480 442 1528 Sssſsstfficaffiffi·
599 1497 719 1535 terbii
738 1496 891 1534 nonnisi
904 1498 1082 1535 multum
1101 1496 1349 1545 procedente
1367 1497 1575 1544 praeterito
1598 1497 1740 1533 saeculo
1759 1505 1848 1533 ere-

102 1534 147 1571 de
162 1533 362 1581 Res‘ffmat·
530 1551 640 1588 {tum
658 1550 710 1586 est
747 1560 870 1596 opera
885 1571 898 1590 ‚
933 1549 970 1587 &
986 1549 1264 1587 munificentia
1284 1547 1511 1586 Cardinalis
1534 1547 1715 1595 Episcopi
1730 1546 1846 1583 Fran-

534 1602 619 1649 cisci
637 1600 769 1637 Mariae
786 1601 979 1638 Brancacii
994 1600 1261 1649 Neapolitani
1281 1630 1290 1638 .
1322 1601 1405 1638 Hic
1423 1612 1659 1637 canonicam
1689 1597 1846 1652 contri·-

534 1651 745 1691 butionem
762 1662 833 1698 pro
855 1664 903 1690 eo
920 1652 1058 1690 statuit
1076 1677 1087 1696 ‚
1118 1663 1235 1701 quam
1265 1666 1354 1688 anno
1387 1665 1497 1698 1724.
1521 1651 1559 1688 in
1586 1652 1738 1698 synodo
1758 1650 1854 1698 Epi-

534 1705 674 1751 scopus
688 1705 888 1740 Sermattei
902 1728 915 1748 ‚
942 1703 1083 1742 ditiori
1107 1705 1188 1749 jam
1205 1702 1312 1743 facto
1328 1703 1544 1742 seminario
1573 1714 1650 1740 non
1670 1702 1844 1751 amplius

538 1754 774 1794 solvendam
792 1755 979 1794 decrevit
1004 1785 1014 1794 .

475 1807 619 1856 Elapso
646 1818 749 1846 anno
773 1808 824 1845 ob
852 1818 902 1844 κς
932 1808 1113 1846 alienum
1131 1832 1143 1851 ‚
1189 1820 1269 1858 quo
1287 1805 1547 1846 seminarium
1561 1806 1801 1854 gravabatur
1820 1830 1831 1849 ,

525 1860 690 1908 deputari
716 1858 991 1907 supplicarunt
1022 1860 1196 1907 primum
1239 1872 1310 1906 pro
1341 1859 1632 1906 approbatione
1659 1868 1753 1894 raxae
1783 1856 1832 1895 ad

526 1911 731 1950 rationem
752 1925 783 1949 1.
803 1921 865 1953 50.
880 1920 941 1959 pro
957 1921 1047 1948 cent.
1066 1935 1078 1954 ‚
1110 1924 1231 1960 quam
1252 1909 1597 1949 Eminentiffimus
1617 1909 1835 1957 Episcopus

527 1964 816 2001 constituerat.
847 1962 1226 2001 Occafioneharurn
1257 1975 1421 2011 precum
1452 1963 1724 2009 interrogatus
1756 1987 1768 2006 ‚
1798 1969 1842 1999 ut

528 2015 652 2052 moris
670 2016 722 2053 est
739 2038 752 2057 ‚
783 2013 891 2052 idem
908 2014 1250 2053 Eminentiffimus
1269 2041 1278 2059 ‚
1311 2025 1529 2064 antequam
1548 2012 1720 2052 referret
1735 2036 1747 2055 ‚
1775 2025 1847 2051 vo-

528 2066 640 2105 cavit
652 2078 790 2104 coram
805 2066 843 2103 se
860 2073 1031 2115 quatuor
1048 2066 1251 2105 seminarii
1270 2067 1489 2114 deputatos
1504 2091 1515 2108 ,
1550 2066 1648 2104 duos
1667 2079 1687 2104 e
1707 2067 1849 2104 cathe-

528 2117 657 2162 drali,
689 2118 866 2167 duosque
881 2117 980 2155 alios
996 2129 1042 2156 ex
1060 2119 1170 2156 clero
1187 2119 1339 2158 elet‘tos
1357 2144 1369 2162 ‚
1401 2128 1574 2169 quatuor
1591 2119 1693 2156 cleri
1717 2117 1847 2156 resto-

529 2181 620 2214 res,
647 2169 812 2218 ejusque
839 2178 1173 2217 procuratorem,
1206 2183 1251 2209 ac
1270 2171 1449 2222 quinque
1477 2170 1699 2220 dignitates
1730 2179 1848 2208 tuma

529 2221 804 2265 cathedralis,
833 2229 923 2259 tum
949 2222 1208 2261 ecclesiarum
1235 2223 1577 2272 collegiatarum.
1612 2222 1702 2260 Duo
1733 2233 1778 2259 ex
1803 2220 1850 2258 iis

528 2273 802 2313 claudendum
830 2272 986 2311 interea
1018 2273 1278 2313 seminarium
1305 2276 1464 2319 opinati
1496 2275 1610 2317 sunt,
1642 2274 1770 2312 donec
1803 2284 1851 2311 ex

528 2325 699 2374 integris
718 2324 919 2364 reditibus
937 2337 983 2363 aes
1002 2328 1257 2366 contrat‘ium
1274 2326 1559 2365 dissolveretur
1574 2356 1583 2364 .
1615 2325 1700 2363 Alii
1738 2335 1851 2364 reim,

529 2378 680 2417 melius
696 2376 1001 2416 dilucidandam
1015 2378 1292 2418 existimarunt
1311 2403 1324 2422 ,
1353 2379 1520 2427 cognito
1552 2378 1659 2427 prius
1679 2377 1814 2417 reditu
1834 2401 1848 2420 ‚

532 2441 605 2468 aere
623 2429 758 2468 alieno
772 2455 784 2474 ,
803 2441 848 2467 ac
865 2427 1084 2468 necessaria
1100 2429 1236 2470 futura
1259 2431 1436 2480 impensa
1455 2460 1464 2469 .

483 2480 578 2519 Hoc
608 2482 827 2521 secundum
846 2481 1054 2520 confilium
1072 2508 1084 2526 ‚
1112 2483 1172 2522 uti
1194 2483 1392 2527 debebat,
1423 2483 1601 2531 placuit.
1634 2482 1742 2521 Hinc
1777 2494 1850 2520 τι,

528 2532 647 2577 plene
695 2533 971 2572 animadversa
1004 2537 1139 2581 patuit
1172 2535 1327 2574 reditus
1355 2547 1449 2574 anm
1478 2545 1555 2572 non
1584 2534 1659 2573 effe
1701 2534 1769 2572 nist
1799 2533 1848 2572 ad

521 2582 615 2628 scm.
635 2590 722 2623 218.
741 2611 752 2629 ,
785 2597 834 2622 aes
850 2584 1031 2623 alienum
1045 2586 1199 2634 adscut.
1221 2591 1333 2628 2163.
1351 2611 1363 2630 ‚
1381 2586 1613 2625 mercedem
1631 2595 1848 2636 praecepto-

533 2644 649 2676 rum,
681 2637 717 2673 &⁷
750 2636 1047 2681 ministrorum,
1078 2639 1257 2688 aliosque
1274 2638 1452 2686 sumptus
1484 2638 1704 2686 importare
1738 2638 1844 2675 sum-

533 2685 842 2735 mamscum42.
864 2702 923 2726 10.
944 2716 952 2725 .
974 2687 1250 2738 Qamobrem
1268 2689 1333 2729 die
1355 2700 1411 2733 15.
1431 2692 1650 2740 Septembris
1670 2689 1859 2743 ejusdem·

1770 2751 1861 2782 anni
