1986 2996
695 148 755 173 ιο.
772 135 874 189 Maji
898 143 1008 186 1766.
1455 160 1533 195 103⁶

138 173 280 221 Reque
305 187 400 215 vera
424 179 543 220 Sacra
562 182 838 237 Congregatio
854 191 893 228 in
914 194 1119 239 Tiburtina,
1134 195 1161 234 fi
1177 207 1252 236 non
1272 198 1424 240 adesset
1440 204 1517 242 hoc

192 228 401 274 proprium
416 255 428 274 ‚
462 234 500 272 S<
515 237 722 281 peculiare
740 253 760 279 a
780 243 958 292 collegio
978 246 1239 288 constitutum
1257 252 1488 300 sepulcrum
1509 282 1522 301 ‚

192 278 398 319 dubitavit
433 297 480 323 an
500 288 580 328 sola
602 292 842 341 praesumpta
872 295 1034 337 affeftio
1059 302 1245 341 canonici
1277 316 1369 353 erga
1385 308 1524 347 eccle-

189 330 314 375 siam,
349 336 414 372 cui
442 337 683 381 inservierat
715 369 726 388 ,
757 345 975 396 derogaret
1003 352 1052 390 de
1079 354 1167 397 jure
1198 356 1374 395 eccleliae
1405 370 1522 407 paro-

191 383 338 422 chialis
356 411 369 430 ‚
400 401 448 427 ac
474 392 723 434 sententiam
752 398 921 441 distulit.i
940 431 949 440 .
982 402 1130 455 Neque
1164 418 1210 445 ex
1227 407 1307 446 alia
1327 408 1519 451 fortalie,

189 436 351 476 ratione
379 465 392 484 ‚
426 443 518 491 quia
549 458 626 484 non
657 449 873 489 videbatur
899 457 1117 495 canonicus
1150 458 1202 496 ibi
1237 460 1518 508 sepulturam

190 487 356 576 eleggiffe
375 517 387 536 ‚
419 495 482 532 ubi
499 499 705 548 proprium
721 514 791 551 pro
808 506 1059 547 consortibus
1090 509 1322 558 sepulcrum
1339 527 1417 553 non
1431 515 1520 555 exi-

190 539 243 577 ste
274 549 312 578 at
330 571 339 580 .
783 561 789 568 '

139 587 315 636 Quando
343 596 427 635 haec
444 601 579 640 omnia
596 616 690 644 vera
704 606 780 645 fint
796 633 808 651 ‚
839 609 1062 650 videndum
1083 614 1215 661 primo
1233 627 1281 653 an
1299 619 1516 679 Dominicuf

187 642 226 680 in
245 650 467 689 parochiali
482 656 632 693 titulum
649 672 716 695 non
731 664 888 698 retinens
905 686 917 704 ‚
937 673 1008 702 aut
1039 667 1270 711 beneficiatus
1287 695 1298 713 ,
1330 680 1514 729 reputari

192 695 337 736 debeat
350 710 517 749 perpetuo
525 707 683 755 servitio
698 712 846 761 ecclestae
860 715 1023 754 adsimus
1043 743 1055 762 ,
1075 731 1154 755 cum
1169 732 1277 768 eaque
1293 724 1347 758 ita
1364 737 1514 775 conjun-

183 750 253 784 fias
271 759 342 793 ,rut
359 753 444 799 effit
459 760 616 798 camilla
633 776 692 800 cor
706 777 817 801 unum
831 792 841 811 ,
861 769 902 809 ὠ·
918 771 1039 805 anima
1055 783 1140 816 una,
1158 773 1199 815 ὠ·
1213 785 1293 810 cum
1308 773 1392 812 aliis
1406 778 1511 815 unico

185 802 344 847 vinculo,
360 808 401 848 ἐφ’
415 810 524 847 unica
541 824 658 852 mente
667 829 748 853 cum
764 819 888 854 eadem
903 821 1091 859 devinfffus
1108 848 1120 867 ‚
1158 832 1202 861 ut
1223 826 1357 884 voluit
1387 830 1482 866 Rota
1500 859 1510 869 .

180 850 332 892 Multis
351 867 464 897 certe
483 861 521 900 in
539 864 639 903 locis
662 879 706 905 ex
726 869 881 916 optima
900 871 1111 922 disciplina
1129 899 1142 917 ‚
1174 876 1210 914 ὃς
1229 889 1430 927 praecipue
1459 893 1514 939 ἐξ

181 904 440 950 providentia
468 913 739 962 Episcoporun
771 946 783 964 ‚
821 924 956 961 cunsti
994 937 1039 963 ex
1066 926 1218 975 oppido
1252 931 1512 972 ecclefiastici

176 955 299 994 certis
331 959 469 1000 diebus
502 965 551 1003 ad
582 967 836 1009 affistendum
870 973 1019 1014 divinis
1048 978 1086 1015 in
1119 978 1332 1018 ecclefiam
1360 996 1512 1024 conve-

176 1006 296 1046 niunt
312 1036 324 1054 ‚
343 1014 410 1061 qui
431 1027 562 1066 neque
579 1021 727 1058 titulum
755 1023 793 1062 in
811 1037 858 1063 ea
876 1028 1041 1074 habent,
1060 1043 1134 1069 uec
1147 1039 1358 1090 perpetuum
1373 1040 1505 1074 vincu-

173 1058 248 1095 lum
275 1086 287 1104 ‚
320 1075 392 1102 nec
411 1067 654 1123 plerumque
672 1073 722 1113 de
739 1077 825 1121 ejus
845 1079 1040 1120 reditibus
1058 1083 1190 1121 ullum
1206 1097 1372 1133 capiunt
1390 1101 1505 1147 emo·-

172 1111 404 1154 Iumentum
422 1148 431 1157 .
461 1119 777 1165 Advertendum
805 1141 854 1168 ne
873 1133 948 1170 hoc
965 1134 1177 1173 servitium
1208 1141 1345 1178 multo
1375 1153 1504 1200 magis

174 1166 561 1219 extendatur‚quam
581 1182 753 1222 patet‚&
770 1193 818 1220 ne
835 1194 1141 1232 argumentum,
1163 1190 1268 1246 quod
1284 1191 1377 1231 inde
1399 1195 1502 1251 sumi

170 1214 499 1267 debeat,f01·tasse
515 1229 939 1284 probet-nimissatque
955 1237 1046 1276 aliis
1063 1239 1288 1280 innumeris
1306 1247 1503 1301 ecclesus,

172 1280 258 1316 qnae
276 1269 458 1317 sepulcra
480 1275 733 1322 familiarum
752 1287 903 1326 habent
920 1315 932 1334 ,
953 1290 1146 1330 damnum
1164 1292 1258 1332 inde
1276 1308 1502 1337 maximum

175 1318 378 1362 inferatur
395 1356 404 1365 .
701 1380 703 1383 ¹

124 1369 248 1410 Certe
268 1373 502 1418 Concilium
522 1385 649 1426 sanxit
666 1414 678 1429 5
696 1401 736 1428 ut
750 1393 868 1430 nullus
885 1397 1087 1440 ordinetur,
1106 1402 1166 1448 qui
1182 1399 1241 1436 illi
1258 1402 1496 1450 ecclestae‚aut

168 1428 228 1473 pio
244 1426 330 1471 ἶῡέθ,
343 1440 406 1478 pro
427 1432 528 1485 cujus
545 1444 739 1488 neccffitare
754 1470 765 1487 ‚
783 1457 847 1482 aut
862 1449 1024 1487 militate
1037 1452 1229 1500 affamitur
1243 1480 1255 1498 ‚
1274 1469 1340 1493 non
1357 1456 1498 1504 adscri-

171 1479 294 1521 batur,
308 1483 370 1518 alu·
374 1485 455 1531 filis
460 1487 643 1538 fungatur
656 1499 861 1536 muneribus
880 1529 889 1537 .
921 1500 1012 1539 Non
1033 1504 1126 1542 ideo
1147 1514 1284 1545 tamen
1303 1509 1342 1545 hi
1361 1510 1497 1566 eccle-

167 1529 227 1566 fiae
245 1533 417 1582 aascripti
433 1563 444 1581 ‚
461 1541 580 1588 quiin
602 1558 646 1584 ea
664 1549 740 1586 suis
757 1548 982 1599 funguntur
1001 1556 1250 1602 muneribus,
1271 1561 1499 1619 collegium

166 1579 333 1623 fortaffe
348 1586 586 1639 viderentur
603 1596 761 1643 facere,
782 1603 849 1641 nifi
869 1617 914 1644 ea
926 1608 1168 1647 accederent
1185 1633 1197 1652 ‚
1217 1623 1300 1659 quae
1323 1613 1371 1650 ad
1392 1614 1496 1662 legl-

169 1633 318 1673 timum
332 1642 654 1687 constituendum
692 1655 913 1705 collegium
948 1660 1163 1699 necessario
1193 1664 1457 1712 requiruntur
1485 1697 1495 1706 .

163 1684 362 1738 Alioquin
379 1695 490 1734 nulla
506 1698 706 1742 distjnstio
722 1706 821 1747 effer:
840 1710 888 1749 de
907 1713 1093 1762 collegiis
1120 1719 1382 1762 canonicorum,
1398 1721 1501 1776 benf-

156 1737 384 1787 ficiatorum‚
407 1751 734 1802 raanfionariorum,
752 1760 1009 1814 aliorumque
1029 1767 1224 1812 ejusmodi
1244 1794 1256 1813 a
1291 1782 1376 1819 quae
1395 1773 1499 1820 legl-

165 1789 265 1830 tima
283 1796 528 1842 austoritate
545 1810 763 1849 constituta
779 1826 874 1853 vera
889 1818 1180 1866 collegia'sunt
1202 1847 1212 1858 .
1245 1821 1286 1860 In
1316 1824 1492 1863 eadem

161 1844 406 1892 Hydruntina·
418 1877 429 1895 ,
445 1853 481 1891 iu
502 1869 578 1906 qua
593 1864 787 1909 agebatur
805 1868 849 1904 de
867 1870 1058 1918 descriptis
1075 1875 1113 1908 in
1131 1872 1268 1911 tabella
1285 1900 1297 1920 ,
1318 1878 1488 1926 &parti-

163 1899 364 1943 cipantibus
379 1904 424 1939 de
439 1906 617 1957 aliquibus
634 1917 877 1957 emolumentis
895 1925 1034 1959 intuitu
1061 1926 1248 1973 qffistentiae
1267 1929 1460 1976 pe7sonali5
1476 1958 1489 1975 ‚

162 1945 266 1987 Rota
287 1952 392 1992 di⁸<it
412 1981 424 1999 ,
452 1964 546 2008 quod
558 1965 629 2002 haec
647 1969 787 2008 nullum
796 1976 957 2020 praebent
986 1981 1122 2026 unionis
1139 2002 1151 2020 ‚
1184 1989 1249 2015 aut
1263 1986 1485 2019 matrimonii

161 2004 347 2041 vimulum
366 2020 444 2044 cum
463 2015 587 2052 eadem
604 2021 746 2069 ecclesia
761 2049 772 2066 ‚
795 2038 831 2060 eo
844 2031 927 2074 quia
942 2028 1031 2064 tales
1051 2032 1206 2068 rationes
1227 2044 1294 2067 non
1310 2048 1343 2069 m
1361 2034 1487 2078 litant,

163 2056 201 2089 ni
213 2069 225 2089 t
240 2059 337 2095 inter
352 2061 529 2110 ecclesiam
544 2082 555 2110 5
590 2073 632 2112 τίς·
647 2072 790 2111 clericos
810 2079 1033 2122 lenefi'ciatos
1046 2090 1214 2127 perpetuo
1231 2081 1393 2130 ejusdem
1402 2084 1487 2130 fir·-

159 2108 250 2143 vitio
267 2112 447 2150 devinffos
462 2144 471 2153 .
504 2117 708 2162 Ejusmodi
740 2127 896 2164 etenim
923 2129 1105 2174 sepulcra
1138 2133 1377 2185 plerumque
1394 2139 1484 2180 sunt

157 2159 321 2200 condita
352 2176 422 2211 pro
449 2170 572 2206 ordine
595 2195 607 2214 ,
638 2177 680 2216 ὠ·
698 2177 800 2224 statu
827 2179 989 2217 clericali
1020 2182 1317 2224 indiscrinatim
1337 2213 1348 2230 ‚
1382 2201 1425 2229 ut
1456 2205 1477 2231 a

157 2207 275 2251 laicis
307 2215 463 2257 diversa
494 2221 597 2262 fint5
627 2226 777 2267 adeout
807 2232 932 2270 etiam
964 2235 1202 2285 peregrinus
1223 2264 1236 2283 ,
1272 2241 1481 2284 &advena

158 2259 339 2305 sacerdos
362 2270 459 2308 inibi
475 2276 737 2317 tumulandus
758 2282 856 2320 esset
875 2312 885 2321 .

108 2306 278 2367 Quando
294 2330 431 2360 autem
452 2325 566 2363 nullo
584 2338 697 2368 certo
713 2333 800 2376 jure
819 2336 992 2376 cadaver
1007 2341 1195 2379 Dominici
1214 2343 1251 2381 in
1271 2350 1483 2392 parochia-

154 2363 185 2400 li
203 2368 248 2405 fit
263 2374 480 2414 necessario
495 2380 995 2428 condendum,videndum
1015 2393 1110 2440 quid
1127 2395 1281 2440 dejure
1298 2402 1481 2445 praesumi

154 2413 299 2460 debeat
311 2423 359 2463 de
378 2429 594 2470 voluntate
612 2435 793 2477 ejusdem
812 2441 912 2477 nulli
931 2444 1168 2491 collegim&
1183 2451 1379 2494 peculiari
1397 2465 1485 2501 per»

157 2479 288 2516 petuae
304 2475 491 2518 societati
508 2483 691 2524 adstricsto
712 2514 724 2532 ,
756 2491 793 2528 ἒς
811 2493 878 2540 qui
896 2495 1065 2542 Fauslum
1083 2508 1240 2543 patrem
1267 2504 1478 2552 aspexerat

152 2524 288 2569 paucis
304 2538 399 2568 ante
411 2534 522 2571 annis
551 2536 778 2584 sepulcrum
810 2553 881 2587 pro
897 2544 1055 2586 familia
1071 2552 1299 2593 construere
1318 2581 1330 2600 ,
1355 2568 1478 2610 atque

151 2573 189 2611 in
207 2587 254 2613 eo
269 2589 476 2628 mortuum
492 2596 649 2634 patrem
669 2615 680 2632 ‚
701 2593 738 2631 ἃ
755 2592 899 2634 fratres
918 2600 1036 2637 condi
1057 2602 1216 2642 viderat
1235 2635 1244 2643 .
1345 2629 1347 2631 ·

96 2623 189 2664 Huc
205 2628 394 2671 recidunt
411 2659 422 2678 ,
441 2649 526 2684 quae
542 2643 731 2686 praemissa
748 2647 837 2685 sunt
854 2648 903 2686 de
923 2655 1131 2692 communi
1153 2666 1250 2695 voto
1271 2662 1373 2708 apud
1390 2665 1477 2703 suos

147 2680 317 2725 majores
341 2683 593 2731 sepulturam
611 2695 782 2736 habendi
800 2705 808 2737 ’.
842 2701 916 2739 Ait
937 2702 1087 2743 Cicero
1106 2709 1310 2758 :sanguinis
1330 2715 1470 2767 conjun-

252 2735 348 2774 Tom.
365 2739 533 2779 XXXV.
983 2755 1021 2794 O
1395 2771 1477 2811 ἒῖἱο,
