1981 2964
1430 192 1479 230 ’ί

151 240 294 293 p'o'rterci
311 234 326 286 ᾖ
354 253 373 278 o
386 239 597 290 configtur&
606 237 637 277 il
654 233 1066 286 boilettinosottoscrt'tto
1079 237 1121 274 di
1130 238 1275 286 propria
1295 249 1397 274 mano
1423 236 1497 276 de!

153 298 318 335 Fievarzo
333 293 471 344 d'lsola
484 319 497 339 ,
531 293 589 332 nel
605 291 711 341 quale
716 291 809 339 sard
821 299 940 328 notato
954 289 984 328 il
997 303 1145 329 numero
1157 287 1254 328 delle
1260 290 1408 341 persone
1423 315 1438 337 ,
1466 304 1489 332 e

158 347 234 386 dell
237 362 255 386 e
259 350 443 397 porziom’,
463 348 526 386 che
530 347 563 396 fi
573 347 756 383 dovranno
772 343 860 387 dare
873 371 882 382 .
1408 348 1413 353 ’

104 394 281 440 Inferius
300 412 398 439 vero
429 398 479 439 de
496 397 797 446 ludimagistro:
828 393 986 435 XVIII.
1014 393 1232 445 Almaestro
1261 394 1433 445 da'fi-uola
1450 393 1485 445 fi

155 456 263 490 diano
275 456 356 503 ogni
371 465 462 490 anno
474 461 540 502 per
546 452 614 500 suo
629 453 789 487 onorario
808 475 820 495 ‚
846 463 865 486 e
875 457 940 496 per
955 461 1074 486 amore
1086 450 1125 486 di
1144 450 1219 486 Dio
1233 472 1246 493 ,
1274 450 1373 487 accit)
1386 447 1486 496 inse-

149 509 221 556 gni
237 506 269 543 le
287 508 422 550 virm,
457 505 590 542 ebuom‘
611 502 753 551 costuma·
782 515 803 538 a
827 503 916 538 tutti
946 500 1159 547 lisanciulli
1175 524 1188 543 ‚
1221 513 1240 537 e
1263 501 1415 549 giovam‘
1444 501 1487 537 di

156 560 271 609 questo
291 559 405 607 luogo,
419 558 531 604 feudi
545 562 724 605 quaranta
739 562 895 595 moneta,
913 566 930 588 e
948 553 984 589 la
997 553 1077 599 casa
1084 563 1149 602 per
1161 553 1404 597 I’abt'tazione
1428 556 1484 589 ri-

146 612 263 657 fim'ta
278 613 319 648 di
333 610 455 647 mobili
463 609 571 657 groffi'
579 604 801 658 coll'obbligo
828 605 867 640 cli
873 603 1007 651 fimare
1020 604 1185 657 l'organo
1216 608 1255 645 in
1268 615 1362 645 tutte
1377 602 1414 645 Ie
1423 605 1483 652 se-

149 664 204 712 fi‘e
220 665 260 700 di
269 671 430 712 precetto
447 689 456 698 .

101 713 342 763 Capitulum
361 711 596 752 Perusinum
625 711 675 749 ob
703 708 958 750 tenuitatem
988 711 1133 747 horum
1162 707 1370 747 redituum
1390 719 1487 747 exo·²

154 774 232 808 rat,
251 772 297 803 ut
311 763 392 804 duo
404 763 594 813 praedic‘ia
609 775 732 803 onera
757 761 1050 801 imminuantur
1067 760 1114 800 ad
1131 760 1350 803 levandam
1360 760 1486 799 sacra-

153 818 204 855 rii
236 817 414 865 inopiam
429 846 438 855 .
471 815 532 854 De
564 815 591 855 Ι.
626 814 826 864 supplicat
841 838 854 857 ‚
881 822 928 852 ut
958 822 1129 862 ponatur
1162 812 1307 852 modus
1332 812 1483 863 aliquis

153 868 383 918 largitioni,
397 881 482 918 quae
502 880 550 906 eo
568 868 634 906 die
653 869 772 907 detur
788 875 950 904 tantum
969 866 1116 904 incolis
1133 865 1272 904 insula:
1288 865 1483 910 Majoris,

152 920 258 969 apud
276 933 375 972 quos
393 920 628 960 sodalitium
646 919 970 968 Disciplinatorum
987 925 1091 961 erat,
1111 930 1184 955 nec
1200 930 1280 955 non
1301 917 1483 961 Tam-aff&

148 975 344 1013 Baroncim'
371 973 601 1012 vicinorum
633 974 820 1011 locorum
835 997 847 1015 ,
890 972 928 1011 &
955 970 1023 1020 qui
1051 971 1188 1009 secum
1222 970 1396 1008 habeant
1438 968 1482 1006 in

151 1037 248 1066 eum
274 1025 398 1064 finem
427 1038 448 1064 a
477 1025 649 1073 propriis
666 1024 853 1073 parochis
879 1023 1019 1062 datam
1050 1023 1253 1072 pagellam
1272 1050 1280 1059 .
1324 1021 1387 1059 De
1420 1019 1476 1059 11.

154 1086 203 1116 ut
244 1078 512 1129 ludimagistri
556 1078 749 1117 salarium
791 1075 842 1115 ad
884 1076 986 1115 scut„
1022 1088 1082 1124 ²4-
1126 1073 1341 1126 quotannis
1384 1085 1483 1111 eon-

151 1132 340 1171 trahatur
356 1161 366 1170 .

97 1179 217 1224 Circa
234 1182 265 1222 Ι.
293 1184 424 1222 multa
439 1192 599 1223 enarrat
613 1185 665 1223 de
681 1182 866 1233 praesenti
880 1178 1215 1230 sacrariffinopia,
1234 1178 1273 1217 Sc
1288 1189 1363 1217 aere
1381 1178 1484 1217 alie-

146 1246 200 1274 no
216 1266 224 1274 .
256 1234 580 1275 Succurrendum
595 1233 672 1276 effe
690 1237 828 1276 eidem
843 1247 946 1274 nunc
963 1261 975 1278 ‚
1004 1234 1063 1273 uti
1081 1230 1338 1272 ‘Benediftus
1360 1230 1479 1271 XIII.

147 1288 359 1328 constituit
375 1318 384 1327 .
413 1287 648 1328 Convenire
680 1292 754 1328 boc
786 1287 920 1327 menti
938 1285 1144 1325 Pontificis
1174 1283 1445 1323 concedentis
1462 1308 1478 1328 ‚

147 1341 218 1390 qui
237 1348 335 1379 tunc
350 1341 548 1387 temporis
568 1341 705 1378 omnia
720 1353 844 1377 onera
859 1339 1026 1375 ferenda
1040 1336 1150 1383 juffit
1166 1335 1364 1377 sodalitii,
1383 1334 1481 1384 quia

148 1392 308 1430 reditus
334 1393 469 1428 multo
485 1393 662 1433 majores
678 1397 817 1428 erant.
850 1388 927 1427 Eos
945 1389 1028 1433 jam
1056 1386 1178 1425 valde
1203 1385 1479 1431 imminutos,

148 1442 253 1481 licet
284 1441 474 1480 affiduam
490 1467 501 1485 ‚
533 1442 571 1480 &
600 1441 844 1490 diligentem
873 1450 1041 1486 operam
1073 1439 1122 1476 iis
1152 1435 1479 1476 administrandi·

145 1492 619 1542 perpetuobimpenderit
634 1492 868 1539 capitulum
885 1519 895 1528 .
930 1490 1101 1527 Exhibet
1118 1489 1288 1526 iliorum
1313 1490 1479 1535 praesen-

144 1553 231 1583 tem
246 1545 390 1582 statum
407 1543 638 1581 testimonio
656 1543 841 1592 Episcopi
858 1542 1169 1590 comprobatum
1183 1567 1192 1578 .
1225 1538 1288 1578 De
1309 1539 1397 1579 iure-
1423 1541 1480 1580 es-

141 1595 183 1635 se
199 1620 212 1640 ‚
241 1595 529 1634 utimminutis
547 1595 747 1634 reditibus
762 1621 772 1641 ,
800 1607 925 1634 onera
952 1593 1219 1632 minuantur3
1248 1592 1477 1638 praesertim

141 1656 316 1697 urgente
335 1647 576 1687 necestitate
589 1647 778 1691 sacrarii,
808 1647 876 1687 cui
893 1647 1047 1686 reditus
1076 1642 1228 1684 addid’ti
1241 1644 1330 1683 sunt
1347 1672 1357 1682 .
1389 1644 1477 1683 Post

141 1699 708 1748 conceffi011em,praecipuum
723 1699 798 1739 esse
814 1700 981 1739 illorum
996 1700 1191 1737 bonorum
1207 1705 1376 1740 onus‚ut
1394 1697 1477 1745 pri-

139 1764 254 1792 mum
270 1765 344 1801 pro
359 1753 530 1792 sacrario
542 1752 702 1796 sint‚cui
721 1764 742 1791 a
760 1750 958 1791 Pontifice
975 1750 1171 1791 destinata
1183 1749 1290 1789 sunt2·
1303 1748 1475 1788 damno·

139 1805 222 1843 sam
236 1805 360 1845 aliter
377 1802 494 1844 fuisse
506 1803 805 1844 concessionem
823 1834 834 1844 .

89 1855 255 1903 Adjicit-
271 1857 449 1907 plurima
476 1857 638 1896 absurda
658 1857 798 1897 venire
818 1869 865 1897 ex
879 1855 1149 1895 multitudine
1174 1852 1474 1894 confluentium

141 1909 322 1960 undique
341 1933 355 1953 ‚
385 1922 465 1948 non
483 1911 616 1949 minus
635 1922 681 1949 ex
696 1910 848 1949 vicinia
865 1933 880 1954 ‚
908 1920 1026 1960 quam
1057 1920 1103 1948 ex
1135 1907 1319 1955 proxima
1345 1906 1473 1945 Etru-

141 1962 201 2001 ria
219 1992 229 2001 .
260 1962 497 2002 Turmatim
513 1963 708 2002 accedere
721 1975 863 2003 omnes
880 1989 891 2001 .
910 1960 1148 2001 Turmatim
1168 1968 1311 2008 petere
1325 1987 1335 1996 .
1355 1957 1473 1998 Innu-

139 2014 266 2053 meris
283 2015 442 2063 cymbis
468 2024 684 2055 oneratum
699 2016 875 2062 aticum,
903 2015 941 2054 Sc
972 2012 1288 2054 accedentium,
1317 2011 1356 2049 Sc
1384 2010 1472 2049 sero

137 2066 426 2107 recedentium
467 2068 717 2107 advenarum
746 2068 958 2118 utriusque
988 2068 1102 2106 sexus
1133 2094 1142 2103 .
1189 2062 1344 2111 Turpia
1373 2062 1468 2104 hinc

138 2118 326 2160 accidist‘e
343 2120 474 2159 multa
492 2149 502 2159 .
533 2119 709 2160 Confusa
723 2132 842 2159 mane
857 2145 870 2165 ‚
886 2133 932 2159 ac
948 2119 1110 2158 turbata
1126 2117 1232 2154 saera
1250 2115 1358 2152 inter
1375 2114 1471 2152 stre-

138 2172 253 2222 pitus
269 2172 603 2217 comedentium,
635 2185 681 2212 ac
712 2173 936 2212 bibentium
949 2201 958 2209 .
991 2170 1114 2208 Illum
1143 2168 1253 2207 diem
1286 2177 1363 2205 non
1382 2164 1470 2205 festi

136 2224 298 2274 pietate
316 2250 329 2269 ‚
359 2236 404 2262 ac
423 2225 623 2274 religione
650 2226 897 2274 populorum
923 2220 1188 2266 celebrandi,
1217 2217 1286 2259 sed
1313 2217 1470 2268 spesta·

142 2276 255 2322 culi,
275 2289 319 2316 ac
336 2277 542 2315 tumultus
560 2278 736 2325 speciem
753 2277 941 2326 praeferre
957 2306 967 2314 .

93 2319 385 2376 Experimento
399 2337 658 2376 compertum
675 2329 751 2368 effe
780 2329 860 2368 alia
876 2327 1012 2367 omnia
1040 2324 1248 2366 inutiliter
1276 2328 1439 2362 tentata
1453 2352 1462 2360 .

142 2377 278 2421 Unum
293 2379 489 2431 superesse
505 2405 518 2425 ,
548 2381 574 2418 fi
594 2381 759 2429 largitio
775 2380 826 2418 ad
840 2381 1090 2419 habitatores
1122 2376 1264 2415 Insulae
1280 2398 1294 2418 s
1324 2384 1369 2412 ac
1387 2372 1470 2412 duo

138 2434 265 2482 magis
281 2434 506 2485 propinqua
524 2432 614 2471 loca
635 2439 874 2471 coerceatur
891 2455 905 2474 ‚
935 2443 1019 2480 quae
1035 2430 1140 2479 quafi
1155 2430 1218 2483 jus·
1240 2425 1402 2482 aliquod
1415 2424 1466 2464 ad

138 2495 230 2522 eam
243 2487 392 2526 habent
407 2515 419 2524 .
450 2486 502 2524 lis
523 2484 648 2524 facile
675 2483 848 2523 dandam
865 2483 1000 2531 legem
1017 2507 1029 2526 ,
1058 2489 1104 2519 ut
1132 2478 1466 2519 testificationem

134 2536 306 2575 Parochi
322 2538 538 2578 obtineant
553 2563 565 2583 ,
594 2544 716 2586 atque
732 2535 952 2576 exhibeant
969 2557 982 2579 ,
1011 2545 1097 2582 quae
1115 2538 1283 2586 urgente
1300 2542 1461 2578 praema-

128 2589 238 2628 xima
254 2593 367 2628 turba
384 2590 598 2630 hominum
623 2588 854 2627 indistinffta
873 2613 887 2632 ‚
917 2587 955 2626 δε
988 2584 1216 2623 inordinata
1238 2582 1456 2638 ‚indigena-

132 2652 224 2680 rum
240 2666 253 2686 ‚
278 2641 315 2679 &
329 2654 602 2682 convenarum
628 2653 673 2683 ex
687 2649 752 2680 tot
766 2639 932 2679 diversis
949 2638 1052 2678 locis
1067 2663 1080 2683 ,
1097 2637 1247 2677 servari
1261 2646 1469 2686 nunquam

130 2694 218 2736 ullo
232 2692 360 2732 modo
374 2695 519 2742 potuit
532 2724 543 2734 .‚

183 2748 280 2786 Tm.
302 2745 498 2786 XXXIV:
820 2743 857 2782 G
919 2753 937 2779 2
1399 2735 1465 2776 Ad
