1986 2996
650 162 682 186 ι.
702 148 835 187 ,Μανείἰ
869 153 977 193 1766.
1407 162 1454 196 43

140 197 218 241 do,
251 199 289 236 in
308 196 511 242 diceudo,
544 199 635 238 hinc
654 199 804 245 fasces,
832 202 923 239 hinc
952 201 1053 239 sella·
1081 226 1091 244 ,
1124 202 1217 239 hinc
1247 200 1452 249 magistra-

139 257 254 288 tuum
274 249 436 299 insignia
454 276 466 294 ,
484 249 575 289 hinc
597 253 714 302 variae
736 256 858 292 vestes
873 280 884 297 ,
912 255 949 292 ἃ
973 264 1213 291 ornamenta
1230 278 1242 296 ,
1274 252 1366 290 hinc
1383 252 1452 292 dc-

137 301 258 341 miffie
289 314 360 349 pro
377 301 581 351 dignitate
608 304 870 344 salutationes
890 334 899 343 .
931 306 984 353 Q
1005 305 1112 343 Fabii
1144 304 1315 343 Maximi
1346 304 1453 342 silius

140 355 275 394 consul
299 354 457 392 monuit
471 355 708 395 venientem
723 367 877 405 patrem
897 384 908 402 ,
946 367 989 395 ut
1005 367 1099 395 ante
1114 358 1150 395 se
1171 370 1274 407 equo
1291 357 1456 395 descen-

137 407 254 446 deret
274 430 285 448 ‚
313 406 380 456 qui
402 407 502 444 nihil
525 408 648 446 iratus
670 410 871 457 respondit
889 436 900 453 ,
919 411 956 449 se
974 421 1052 447 non
1070 408 1204 448 secisse
1225 419 1341 447 antea
1361 435 1370 452 ,
1404 418 1450 446 ut

135 458 303 498 'videret
347 473 390 495 on
409 460 516 505 filim·
553 460 671 508 sciret
698 463 873 510 confidem
900 476 1004 510 agere
1032 491 1041 500 .
1086 462 1140 499 Eo
1173 461 1449 499 invitamento

139 511 342 550 creditum
357 512 409 549 est
424 512 591 549 excitari
609 512 802 561 ingenuos
817 515 973 552 animos
999 515 1046 551 ad
1063 513 1333 562 appetendam
1365 513 1456 560 glo-

136 564 238 602 riam
254 587 266 605 ,
294 565 448 601 strenua
464 564 642 602 tacinora
677 566 832 604 edenda
850 592 862 610 ‚
895 568 1001 606 recsie
1021 565 1195 614 gerenda
1224 563 1451 603 inferiunt)

134 615 271 654 munia
290 640 302 660 ,
318 616 354 654 ἃ
371 616 469 653 bene
487 639 499 657 ‚
528 616 565 654 Sc
583 617 746 665 egregie
759 619 808 656 de
827 618 1028 666 republica
1047 616 1284 656 merendum
1300 646 1310 656 .
1330 615 1451 664 de

136 668 364 707 institutum
383 693 395 711 ‚
426 667 571 717 ubique
586 679 707 715 prope
722 671 772 707 ab
787 669 906 707 initio
921 671 1093 708 conditae
1114 669 1321 707 societatis
1339 681 1454 707 rece-

134 728 268 770 ptum,
286 719 421 757 secuta
434 720 683 767 postmodum
700 728 883 769 tempora
900 722 1024 760 latius
1040 729 1321 770 propagarunt.
1344 720 1453 758 Hinc

136 771 332 821 equestria
349 770 565 820 signamine
579 771 983 823 tituli,aliaque,qv.1ae
1000 773 1082 812 acri
1095 773 1255 811 stimulo
1268 773 1453 811 omnibus

136 822 257 863 essent
275 822 323 860 ad
342 822 507 860 illustria
526 823 785 871 agendum‚&
800 825 1122 874 conquirendum
1140 827 1311 864 honores
1330 854 1339 864 .
1362 824 1451 862 Imo

131 877 158 914 fi
176 884 263 912 tota
279 874 627 922 circumspiciatur
644 874 821 926 undique
841 878 1076 915 universitas
1095 876 1452 919 hominumdacile

130 927 260 965 videri
276 926 431 974 poterit
445 952 457 970 ,
486 927 592 975 quod
609 926 716 965 hisce
730 929 928 965 honorum
946 928 1132 977 gradibus
1146 954 1157 972 ,
1185 928 1419 978 sedibusque
1436 952 1450 970 ‚

130 977 380 1018 ornamentis
409 1003 421 1022 ,
466 977 678 1026 insignibus
708 1004 720 1022 ‚
762 976 897 1017 fasciis
914 1005 925 1024 ,
968 979 1217 1026 tegumentis
1235 1003 1247 1021 ,
1266 981 1450 1025 appella-

127 1029 324 1073 tionibus,
340 1027 465 1067 etiarn
480 1029 585 1078 apud
600 1041 677 1068 non
693 1031 794 1070 bene
811 1033 942 1071 cultas
957 1031 1206 1080 ge12tes,fere
1223 1031 1356 1069 omnis
1374 1033 1451 1070 hu-

128 1090 303 1121 manitas
331 1089 595 1120 contineatur
615 1111 625 1120 .
1212 1095 1217 1096 ⁷

78 1133 256 1176 Ecclesia
287 1133 438 1172 veteris
468 1134 712 1173 sanc‘tissima:
739 1133 841 1183 legis
868 1134 1082 1174 clarissima
1099 1135 1282 1182 exempla
1313 1143 1439 1175 anta·

129 1187 269 1226 oculos
287 1187 431 1223 habens
449 1211 461 1229 ,
477 1195 598 1236 atque
615 1185 816 1225 divinitus
834 1187 1012 1225 instituta
1029 1212 1040 1227 2
1061 1190 1096 1227 fx:
1111 1187 1324 1229 edoftafflb
1340 1187 1438 1226 alias

129 1241 219 1278 sane
247 1236 423 1276 rationes
440 1261 453 1279 ,
477 1237 542 1275 sed
560 1237 848 1286 sapientilsime
863 1241 948 1276 suos
963 1239 1125 1277 ordines
1143 1264 1155 1282 ,
1191 1238 1440 1288 gradusque,

130 1290 270 1328 statuit·
287 1313 300 1332 ,
326 1290 474 1337 eosque
492 1291 634 1333 majori
651 1289 781 1328 studio
797 1315 809 1334 ,
843 1291 881 1329 8:
898 1290 1114 1339 diligentia
1143 1290 1314 1328 retinuit
1334 1299 1447 1329 tena-

130 1342 284 1380 ciffime
320 1368 331 1378 .
371 1340 652 1379 Coeremonias
684 1342 886 1380 sacrorum
922 1342 1153 1390 praescripsit
1171 1367 1182 1386 ,
1209 1341 1318 1380 sedes
1334 1368 1346 1386 ,
1377 1354 1446 1379 or-

132 1403 270 1433 natum
289 1416 301 1436 ‚
328 1391 578 1430 diversarum
591 1393 841 1442 dignitatum
863 1417 875 1437 ‚
903 1395 940 1433 &
970 1395 1164 1442 graduum
1193 1403 1338 1438 notaS‚
1367 1407 1450 1443 quae

131 1444 451 1495 pulcherrimam
469 1444 506 1482 in
525 1454 721 1493 perpetua
752 1445 914 1484 unitate
945 1447 1194 1484 varietatem
1219 1444 1403 1485 facerent
1429 1474 1439 1485 .

128 1498 328 1537 Nativum
345 1495 492 1544 ecclesiae
519 1507 665 1535 nomen
680 1522 693 1539 ,
721 1509 851 1546 graeco
883 1495 1024 1540 fonte,
1040 1511 1060 1533 a
1077 1500 1317 1546 congregando
1349 1499 1403 1536 est
1430 1527 1441 1537 .

131 1551 231 1598 (Qiae
247 1556 384 1587 autem
401 1553 621 1596 congregatio
646 1549 710 1586 ubi
724 1548 887 1587 confusa
900 1574 912 1593 ‚
941 1548 1247 1598 promiscuaque
1264 1549 1337 1587 sint
1359 1561 1448 1587 om-

130 1604 192 1640 nia
210 1625 221 1643 ‚
251 1601 384 1648 neque
399 1608 626 1637 conventus
657 1599 865 1638 ordinatus
883 1626 894 1643 ,
925 1610 1078 1649 perque
1105 1600 1191 1637 suos
1223 1600 1367 1649 gradus
1383 1601 1445 1639 di-

126 1654 286 1692 stinstus
305 1649 530 1698 reperiatur
546 1650 567 1687 ἓ
595 1655 788 1690 Gradiuum
803 1679 814 1696 ‚
846 1656 888 1695 &-
905 1653 1069 1688 ordinum
1095 1652 1298 1701 distributio
1332 1653 1447 1690 eccle-

120 1706 295 1756 siasticam
310 1706 487 1740 unitatem
499 1703 687 1751 conservat
701 1729 713 1747 ‚
732 1706 784 1743 est
801 1705 951 1743 summa
965 1707 1104 1741 canonis
1123 1718 1146 1741 v
1156 1718 1168 1742 1
1181 1718 1195 1741 1
1205 1706 1444 1754 -d1st1'17ffi892

128 1760 165 1797 iu
186 1769 263 1807 quo
281 1767 290 1792 z
319 1756 366 1791 ad
378 1756 440 1792 hoc
457 1755 725 1804 dispenslttionis
737 1758 885 1805 provifio
898 1757 1038 1804 gradus
1054 1756 1210 1804 diversos
1230 1782 1242 1801 ,
1273 1761 1315 1801 ἐς*
1343 1761 1443 1794 ordl-

125 1823 182 1848 nes
202 1809 382 1856 constituit
408 1806 475 1855 effe
490 1808 665 1856 distinflos
685 1835 697 1853 ,
731 1819 772 1845 ut
786 1811 871 1846 dura
887 1811 1130 1846 reverentiam
1157 1812 1304 1846 minores
1327 1814 1440 1857 potio-

126 1863 221 1900 ribus
238 1861 448 1897 exhiberent
461 1883 473 1901 ‚
502 1863 703 1909 &potiores
720 1862 910 1898 minorihus
925 1860 1149 1897 dilefiiionem
1172 1863 1437 1910 impenderent,

127 1928 214 1952 vera
232 1912 417 1951 concordia
423 1911 536 1957 fieret
551 1938 564 1957 ,
584 1915 627 1957 (5-
642 1926 686 1950 ex
703 1914 912 1962 diversitate
927 1915 1104 1950 contentio
1119 1938 1130 1957 ‚
1149 1926 1190 1955 s
1205 1914 1297 1950 reffe
1317 1914 1444 1962 officio-

124 1973 400 2014 ramgereretnr
432 1964 690 2014 admimst'ratio
698 1966 918 2014 fingukorum
933 1994 942 2003 .
960 1967 1096 2013 Neque
1109 1969 1201 2001 enim
1218 1966 1440 2014 vniverfitas

123 2020 195 2057 alia
207 2026 349 2067 poterat
364 2016 695 2066 rationesubststere
711 2042 724 2060 ,
753 2018 818 2065 nisi
846 2015 1050 2067 hujusmodi
1073 2030 1218 2064 magnus
1233 2031 1313 2054 eam
1339 2016 1445 2063 diffe-

122 2075 241 2109 rentiae
253 2068 514 2115 ordoservaret
529 2097 538 2106 .
582 2068 625 2106 in
643 2078 813 2114 corpore
839 2069 938 2112 juris
954 2068 1141 2104 canonici
1163 2093 1177 2110 ,
1207 2067 1313 2116 quod
1347 2068 1438 2104 uni-

117 2122 228 2162 verse
245 2127 456 2167 receptum
475 2145 485 2164 ,
504 2120 654 2170 ubique
671 2119 827 2167 publica
845 2117 1093 2156 austoritate
1114 2118 1428 2161 interpretatur,

120 2178 156 2215 ἵε
175 2173 344 2222 legitur,
362 2170 513 2209 titulut
532 2171 690 2219 integer
704 2170 943 2208 decretalium
958 2177 1070 2206 extat
1092 2170 1142 2205 de
1152 2168 1377 2221 majoritate,
1396 2173 1437 2213 &¹

118 2227 318 2266 obedientia
336 2248 348 2267 ‚
382 2223 418 2261 ὃς
438 2234 515 2259 non
536 2222 664 2260 solum
693 2222 742 2261 de
761 2219 1039 2261 ecclefiasticis
1073 2219 1179 2260 inter
1196 2222 1234 2260 se
1249 2246 1262 2264 ,
1292 2234 1438 2260 verum

122 2280 248 2319 etiam
265 2275 443 2324 respectu
459 2273 635 2312 aliorum
653 2299 664 2319 ‚
684 2273 790 2312 inter
804 2284 898 2324 quas
913 2271 1084 2311 celebris
1102 2273 1173 2312 illa
1191 2273 1365 2322 estfolitae
1381 2277 1438 2310 be·

128 2333 338 2379 nignitatis.

74 2382 346 2430 Quamobrem
373 2391 448 2417 non
469 2377 678 2416 immerito
692 2377 769 2416 viri
800 2377 926 2416 etiam
945 2375 1172 2415 sanffiffimi
1201 2378 1251 2416 de
1270 2378 1342 2415 suat
1375 2377 1438 2415 di-

121 2433 292 2485 gnitatis
319 2430 569 2474 eminentia,
602 2430 650 2468 de
678 2429 779 2467 sedis
798 2429 1005 2478 primatu,
1033 2428 1082 2467 de
1100 2431 1250 2468 honore
1273 2455 1286 2473 ,
1315 2442 1359 2468 ac
1375 2442 1440 2468 re·

117 2485 305 2524 verentia
323 2483 459 2522 debita
479 2485 526 2520 ab
544 2481 801 2520 inferioribus
812 2480 1122 2519 constantiffime
1139 2481 1400 2521 decertarunt
1420 2510 1433 2520 .

122 2537 218 2576 Non
234 2536 341 2586 quod
355 2534 405 2573 de
417 2535 485 2573 suo
501 2533 696 2584 peculiari
714 2533 863 2571 decore
877 2541 1103 2581 quaererent
1120 2556 1132 2575 ,
1151 2533 1216 2573 sed
1233 2533 1340 2583 quod
1356 2532 1440 2572 sua.

125 2601 211 2628 rum
233 2587 490 2626 ecclefiarum
511 2612 522 2631 ,
553 2599 638 2637 quae
663 2586 884 2624 habuerant
909 2586 996 2630 jura
1016 2607 1028 2626 ‚
1059 2584 1107 2623 ad
1122 2585 1333 2624 vitandam
1347 2593 1440 2623 con-

118 2642 314 2680 fulioncm
359 2638 492 2681 sarta,
529 2640 719 2688 testaque
737 2646 976 2678 tuerentur,
1009 2649 1136 2686 caque
1161 2637 1344 2686 integra,
1374 2637 1437 2676 uti

116 2697 375 2740 acceperant,
391 2690 597 2730 traderent
613 2687 897 2728 succefforibus
916 2717 925 2727 .
961 2689 1051 2732 Ejus
1069 2690 1127 2727 rei
1145 2702 1224 2728 non
1239 2690 1434 2739 ignobilia

115 2744 302 2791 exempla
322 2740 476 2790 profert
502 2741 661 2782 historia
688 2741 819 2780 omnis
837 2751 1069 2787 temporum
1099 2741 1402 2791 paternorum
1419 2769 1430 2780 .

172 2795 437 2837 Tom.XXXV.
629 2830 634 2835 .
849 2792 876 2830 F
909 2806 926 2829 2
1315 2789 1437 2841 Qod
