1981 2964
1406 178 1452 205 21

59 223 131 316 E
156 270 425 316 MBRICEN.
454 266 669 323 JURIUM
693 265 1174 311 CANONICALIUM.
1485 271 1837 320 Seli.23.cap.r.&

60 343 128 369 an
144 330 385 430 filfmsslznjssa
397 351 416 426 '‚
437 324 777 429 gezafficglgndm
805 339 826 365 a
852 324 977 374 decisis
995 325 1066 374 fich
1098 326 1159 361 die
1187 333 1249 366 23.
1277 323 1449 372 Septem»
1478 325 1743 427 ζίὲξὲθῖνὶἕρ,
1768 342 1833 378 14,

216 540 285 583 Ad
305 539 335 578 Ι.
372 536 528 577 Praevio
544 534 696 576 recessu
721 546 743 573 a
759 533 902 574 decisis
932 534 1150 584 negative.
1185 532 1250 574 Ad
1271 533 1321 573 11.
1348 534 1451 573 Prae-

275 591 343 632 vio
359 589 511 628 receffu
532 602 552 627 a
571 588 712 627 decifis
741 586 988 628 affirmative
1003 615 1015 628 .
1044 587 1113 627 Ad
1129 586 1237 637 1112,
1255 587 1294 628 Sc
1312 585 1385 627 lv.
1406 585 1451 626 [ιι

277 642 422 683 decifis
439 665 454 687 ‚
483 641 523 682 &
538 640 713 692 amplius
732 668 745 682 .

59 905 139 994 L
156 953 466 996 EOPOLIEN.
1513 942 1682 994 sess-21·
1711 952 1831 994 cap-7·

161 1012 232 1049 An
249 1011 301 1060 fir
316 1009 492 1060 standum
510 1033 524 1055 ‚
547 1008 612 1047 vel
638 1007 877 1049 recedendum
905 1018 927 1044 a
945 1005 1070 1055 decifis
1086 1031 1100 1052 ‚
1129 1007 1168 1043 in
1188 1003 1271 1052 casu
1290 1004 1364 1047 ἐφ·
1490 998 1537 1034 de
1567 998 1725 1044 Reform.
1743 1021 1756 1039 ⁹
1787 1001 1830 1039 δ”·

1483 1050 1574 1101 seli.
1588 1060 1652 1092 νς.
1682 1051 1835 1089 Decret.

61 1117 106 1158 In
124 1118 198 1156 hac
217 1114 335 1155 causa
350 1113 595 1164 Leopolien.
616 1115 697 1164 post
712 1113 873 1154 editum
883 1112 1019 1161 folium
1048 1118 1251 1151 venerunt
1284 1105 1454 1148 tandem
1493 1105 1537 1139 de
1550 1105 1686 1144 invoa,
1705 1105 1748 1144 a&
1761 1115 1829 1140 ve—

109 1169 375 1219 Magistratus
391 1167 542 1214 scripta
561 1198 572 1208 .
599 1167 764 1207 Multus
785 1168 837 1207 est
855 1167 892 1205 in
913 1165 1138 1205 refutandis
1154 1165 1205 1210 jis
1225 1189 1237 1208 ‚
1273 1174 1359 1214 qnae
1376 1161 1455 1199 Ar·
1491 1156 1675 1206 ner-fier.
1690 1154 1804 1206 lmag.

113 1221 393 1271 chiepiscopus
425 1219 529 1261 dicit
544 1247 556 1268 ‚
586 1220 624 1261 8(
647 1220 686 1259 in
705 1220 783 1259 suis
813 1219 967 1265 juribus
985 1217 1201 1258 asserendis
1217 1246 1227 1256 .

59 1276 125 1315 De
146 1274 176 1313 Ι.
192 1274 252 1313 ait
267 1274 431 1312 cultum
447 1273 564 1313 sacrae
587 1273 792 1323 imaginis,
810 1273 835 1312 fi
854 1286 899 1312 ea
916 1271 1189 1311 transferatur
1203 1294 1215 1313 ‚
1235 1266 1443 1308 imminui.

109 1326 326 1375 Capellam
357 1327 703 1376 Domagalicianam
735 1326 792 1364 sui
819 1324 918 1371 juris
951 1322 1029 1364 esse
1060 1354 1069 1364 .
1102 1323 1293 1365 Vetitam
1328 1323 1453 1366 jurei

110 1378 430 1418 translationem
472 1380 614 1418 invitis
644 1377 825 1423 patronis
856 1402 867 1410 .
893 1377 1122 1427 ‚Dece-nter
1142 1388 1231 1413 eam
1250 1373 1451 1411 affei·vari'=

113 1431 271 1469 summa
286 1430 445 1475 pietate
461 1429 704 1476 populorum
719 1423 818 1463 coli,·
846 1423 1058 1461 miraculis
1077 1425 1303 1464 celebrari.
1334 1422 1456 1472 Nihil

112 1480 212 1520 novi
230 1476 418 1519 accidisse
433 1503 446 1521 ‚
461 1491 533 1514 cur
550 1476 672 1513 modo
686 1473 824 1512 omnia
846 1474 1095 1510 innoventur
1113 1501 1123 1510 .
1156 1477 1329 1512 Nullam
1356 1488 1457 1524 que-

111 1534 242 1571 relam
261 1529 466 1577 hucusque
497 1528 547 1566 ad
564 1527 720 1566 curiam
738 1526 918 1564 delatam
935 1554 945 1563 .
980 1523 1218 1564 Decefforee
1245 1526 1457 1564 Antistites

109 1582 217 1623 nihil
250 1580 300 1619 de
317 1582 393 1619 hoc
422 1578 642 1630 cogitaffe.
676 1578 809 1617 Nulla
837 1577 1043 1628 hucusque
1074 1579 1279 1626 perspec‘h
1300 1578 1459 1616 incom-

111 1633 233 1675 moda
254 1658 267 1679 ‚
297 1633 413 1671 nulla
429 1632 598 1672 absurda
615 1663 624 1672 .
649 1631 849 1670 Praeterea
890 1631 928 1669 in
948 1643 993 1669 ea
1012 1633 1168 1678 capella
1192 1629 1460 1670 fundatorum

111 1697 282 1734 corpora
300 1684 467 1725 condita
481 1685 558 1726 effe
576 1712 588 1732 ‚
620 1693 743 1735 atque
763 1684 936 1723 aliorum
958 1708 970 1727 ‚
999 1685 1067 1735 qui
1087 1685 1190 1724 sacra
1212 1685 1249 1722 in
1266 1697 1312 1723 ea
1329 1696 1400 1733 pro
1418 1683 1459 1722 se

111 1738 348 1790 peragenda
364 1739 666 1778 constituerunt
682 1767 691 1776 .
708 1736 766 1777 Ut
782 1738 959 1777 ecclefice
975 1737 1228 1776 cathedralis
1245 1737 1399 1777 cultus,
1418 1736 1459 1774 ὃς

110 1791 334 1832 celebritas
367 1801 567 1840 augeatur
588 1817 600 1836 ‚
633 1789 894 1831 necessariam
910 1791 1071 1829 causam
1094 1818 1104 1835 ,
1136 1790 1310 1841 ideoque
1338 1801 1460 1828 canon

111 1845 248 1884 nicam
280 1854 361 1882 non
380 1842 476 1888 effe,
496 1857 577 1896 quo
595 1852 737 1884 vetera
756 1856 778 1883 e
793 1844 863 1882 suo
894 1844 969 1881 situ
987 1853 1236 1884 moveantur
1252 1869 1265 1889 ,
1281 1854 1326 1881 ac
1349 1843 1460 1881 labe-

115 1896 321 1937 faetentur
336 1925 348 1935 .

61 1950 127 1991 De
150 1950 203 1989 11.
233 1949 367 1998 inquit
396 1949 543 1990 saltem
571 1948 621 1988 ad
654 1950 787 1988 altare
805 1950 1018 1990 consulare
1069 1950 1386 1990 translationem
1404 1945 1462 1986 fa-

114 2001 305 2041 ciendam
320 2015 334 2041 ,-
351 2003 530 2042 maxime
555 2015 604 2042 ne
624 2003 877 2052 magistratus
898 2003 1085 2051 privetur
1104 2003 1458 2044 administratione

113 2054 372 2093 oblationum
391 2081 404 2099 ‚
433 2056 472 2096 Sc
490 2056 849 2105 eleemosynarum
867 2079 880 2098 ‚
912 2069 997 2106 quie
1026 2069 1073 2096 ex
1091 2057 1265 2096 decreto
1283 2053 1460 2094 Archie·

114 2105 269 2156 piscopi
285 2105 563 2154 Leopoliensis
580 2113 666 2146 anni
689 2115 806 2158 1643.
827 2109 1076 2157 magistratui
1097 2106 1304 2148 commilsa
1326 2107 1378 2144 est
1393 2133 1403 2143 .

67 2157 131 2199 De
164 2158 240 2197 111.
286 2161 568 2199 cathedralem
600 2162 812 2201 ecclesiam
838 2173 933 2199 cura
951 2186 963 2202 ‚
995 2161 1240 2211 sumptuque
1271 2157 1459 2197 civium-2

116 2212 385 2251 construstam
402 2212 480 2252 esse
498 2243 507 2252 .
535 2213 818 2264 Magistratum
838 2214 1017 2259 ejusdem
1044 2226 1184 2253 curam
1202 2212 1333 2252 adhuc
1351 2209 1458 2248 reti·

118 2276 219 2303 nere
234 2276 249 2303 5
280 2264 477 2312 deputare
493 2277 618 2306 unum
639 2279 685 2306 ex
703 2268 1008 2304 concionatoribus
1025 2267 1240 2317 ,sacr-zstam
1257 2291 1268 2307 ‚
1298 2261 1456 2311 promse-

118 2330 194 2355 rem
207 2315 360 2366 ecclefiae
375 2343 387 2362 ‚
411 2319 619 2367 praeseflum
643 2320 706 2368 [αι
715 2324 801 2360 ricae
815 2346 826 2362 ‚
857 2320 1162 2368 administratores
1183 2317 1378 2367 consularis
1396 2325 1457 2351 ca-

116 2369 249 2418 pellae,
273 2370 500 2419 aliarumque
522 2375 668 2418 piarum
689 2372 950 2417 fundationum
969 2385 983 2410 ,-
1013 2373 1247 2411 thesaurum
1277 2366 1460 2406 ecclefiae

122 2421 321 2463 custodire
339 2436 351 2462 ‚·
370 2422 421 2462 de
436 2422 585 2472 legatis
602 2424 761 2462 fabricae
782 2425 995 2472 disponere
1014 2453 1022 2462 .
1041 2425 1164 2463 Suum
1190 2420 1457 2461 consensum.»

125 2473 305 2520 petitum
330 2473 448 2514 fuisse
467 2488 556 2512 anno
582 2486 691 2519 ¹525·
710 2486 781 2522 pro
808 2489 922 2514 novae
938 2476 1141 2514 cathedrae
1161 2473 1366 2513 ereffione
1385 2496 1398 2515 ‚
1415 2471 1456 2510 &

126 2526 417 2568 construetione
434 2527 630 2567 altarium
646 2553 659 2572 ‚
690 2528 727 2567 &
746 2527 1022 2576 sepulcrornm
1039 2557 1049 2566 .
1079 2528 1199 2566 Plura
1228 2526 1266 2564 in
1286 2522 1458 2563 ecclefia

126 2575 271 2634 altaria
284 2581 354 2619 suo
371 2593 448 2620 aere
468 2578 647 2628 posuisse:
665 2580 778 2629 plura
795 2580 849 2619 sui
870 2579 969 2626 juris
985 2580 1179 2619 beneficia
1196 2574 1457 2618 constituisse.

123 2627 165 2664 A
182 2632 376 2686 prioribus
391 2632 723 2682 Archiepiscopis
759 2632 819 2672 uti
838 2633 1051 2682 legitimos
1066 2632 1242 2672 ecclefioe
1262 2639 1458 2678 patronos

124 2689 440 2731 omnitempore
456 2686 613 2725 habitos
630 2715 639 2725 .
668 2685 919 2725 cathedram
935 2683 1340 2739 Archiepiscopalem
1360 2681 1459 2720 loco

123 2733 258 2785 magis
272 2735 473 2779 eminenti
489 2738 688 2780 collocari
703 2736 872 2792 potuiffe
892 2768 905 2781 .
1283 2787 1324 2827 D
1381 2780 1440 2823 Ν

1328 2799 1350 2827 c
1442 2809 1456 2821 ο
