2035 2969
507 173 571 213 De
590 130 646 215 15¹,
665 181 809 210 nempe
826 169 875 208 de
893 165 1178 205 cathejratico
1195 187 1204 205 ‚
1228 165 1341 204 aiunt
1373 166 1496 202 oblttae
1518 190 1529 207 ‚
1562 168 1674 205 suum
1701 167 1897 206 monaste*

561 224 668 263 rium
699 231 933 269 exemptum
954 217 1029 257 else
1058 219 1105 254 ab
1135 216 1344 254 Ordinarii
1372 217 1648 261 jurisdiffione
1670 220 1786 273 juxta
1827 235 1901 256 mo-

565 279 652 315 dum
664 301 675 317 ‚
694 277 896 319 &formam
912 271 1053 308 Indulti
1070 270 1278 306 monialibus
1291 270 1518 317 Farnesionis
1532 275 1671 318 conceffi'
1684 302 1692 310 .
1714 273 1895 323 Ideoque

561 342 640 367 non
657 327 789 367 teneri
807 327 855 365 ad
874 322 1218 365 cathedraticum,
1237 321 1341 370 quod
1360 333 1429 368 pro
1447 323 1727 366 jurisdiffionc
1747 351 1758 370 ‚
1777 340 1898 387 quam

571 381 718 418 habent
738 377 924 427 Episcopi
941 377 1056 422 super
1075 373 1297 417 beneficiis,
1315 374 1432 410 datur
1451 404 1460 412 .

512 430 667 471 Itidem
687 432 847 469 suorum
867 457 879 475 ‚
898 440 981 478 quae
998 428 1163 469 habent,
1181 425 1471 465 beneficiorum
1487 427 1634 467 titulos
1651 431 1898 470 auctoritate

567 484 802 531 Apostolica
831 481 1032 522 extinctos
1051 510 1060 519 .

507 533 601 574 Nec
619 534 785 573 officere
800 534 1021 574 clausulam
1057 533 1094 571 in
1117 533 1369 574 concesfione
1386 534 1581 572 bonorum
1608 536 1656 574 ad
1676 537 1898 576 beneficia.-

570 588 869 636 pertinentium
898 584 1115 634 expressam
1136 587 1356 635 supportatis
1388 597 1508 622 tamen
1535 589 1784 632 beneficiorum
1812 613 1824 632 ‚
1858 594 1900 632 &-

565 640 847 688 capellaniarum
876 641 1061 678 oneribus.
1094 639 1276 687 Intelligi
1296 639 1408 677 illam
1438 638 1573 677 deberi
1603 642 1651 679 de
1668 641 1857 679 oneribus
1883 667 1896 685 ‚

562 705 646 741 quae
681 692 921 733 intrinsecus
953 691 1156 732 beneficiis
1189 704 1234 730 ex
1265 691 1506 729 fundatione
1526 692 1799 738 inhaerebant,
1819 706 1897 731 non

563 757 664 783 vero
681 746 729 783 de
746 747 837 784 aliis
854 772 865 791 ‚
898 759 983 797 quae
1003 755 1225 793 numquam
1241 743 1464 782 convenire
1481 743 1638 791 potsunt
1654 758 1744 782 cum
1764 747 1897 783 extin-

561 797 695 836 &ione
722 798 871 843 tituli,
905 811 989 848 quae
1021 805 1208 835 naturam
1243 796 1426 835 beneficii
1459 819 1473 840 ‚
1514 797 1551 834 Sc
1583 798 1670 843 eJus
1700 799 1897 835 bonorum

560 851 718 898 prorsus
737 851 930 891 immutat
946 881 955 890 .

510 896 653 939 Multo
674 904 801 950 magis
817 930 829 949 ,
848 905 942 955 quia
960 903 1283 942 cathedraticum
1302 913 1522 951 numquam
1537 911 1654 940 antea
1675 902 1713 940 iu
1736 915 1777 940 ea
1798 902 1896 940 dioe-

560 952 636 991 cefi
657 954 858 1005 Episcopo
886 956 1062 994 solutum
1081 954 1216 993 fuerat
1232 984 1240 993 .
1273 954 1366 992 Non
1398 953 1565 1001 potuisse
1599 964 1812 1001 propterea
1827 967 1895 992 co-

556 1006 689 1055 gitare
719 1005 959 1047 Pontificem
987 1007 1283 1047 concedentem
1314 1007 1617 1057 defiaepportandis
1646 1009 1692 1043 iis
1710 1009 1889 1049 oneribus,

557 1070 643 1107 quae
665 1071 884 1111 numquam
911 1060 1135 1100 extiterant
1164 1068 1258 1098 ante
1276 1058 1572 1098 concessionem
1591 1085 1602 1103 ,
1634 1060 1670 1097 Sc
1706 1072 1789 1107 qux
1812 1062 1891 1106 post

558 1110 855 1152 extint‘tionem
887 1113 1004 1152 tituli
1034 1125 1124 1151 cum
1161 1111 1208 1149 iis
1237 1112 1424 1150 oneribus
1457 1121 1765 1159 repugnantiam
1795 1112 1892 1156 juris

530 1164 532 1169 “
556 1163 783 1203 habebant.
806 1165 1063 1204 Hodiernum
1083 1164 1321 1213 Episcopum
1351 1175 1453 1201 nunc
1473 1163 1648 1210 primum
1668 1164 1714 1200 de
1734 1167 1805 1200 hoc
1823 1176 1889 1200 ca-

557 1213 795 1255 thedratico
810 1216 1002 1267 cogitasse
1017 1247 1026 1256 .
1046 1215 1279 1257 Decessores
1297 1218 1360 1255 sua
1381 1216 1506 1254 diviti
1522 1217 1653 1253 mensa
1671 1225 1888 1253 contentos

560 1264 675 1305 fuisse
694 1269 899 1320 hucusque
921 1299 929 1309 .

502 1314 567 1356 De
584 1318 633 1356 II.
657 1330 799 1367 nempe
816 1322 865 1358 de
885 1331 976 1358 taxa
994 1320 1225 1362 seminarii,
1256 1328 1416 1356 certant
1434 1319 1481 1356 ad
1505 1320 1614 1357 illam
1635 1333 1709 1357 non
1729 1320 1892 1362 teneri,

560 1381 610 1408 ex
628 1369 709 1418 ipsa
728 1381 866 1417 aperta
910 1373 1002 1419 lege
1021 1369 1201 1408 Concilii
1220 1393 1232 1411 ‚
1265 1382 1349 1419 quae
1379 1372 1539 1415 excepit
1571 1378 1853 1418 congregationes
1875 1397 1889 1414 ‚

560 1434 645 1472 quae
664 1422 799 1470 scholae
828 1424 1086 1471 appellantur
1105 1447 1115 1465 ‚
1145 1423 1181 1460 ἃ
1200 1421 1437 1459 monasteria
1457 1422 1806 1461 mendicantium.
1844 1423 1893 1460 Se

553 1473 594 1512 in
619 1482 793 1522 utraque
811 1483 924 1521 parte
942 1473 1215 1519 exemptionis
1243 1474 1551 1518 comprehensas
1569 1488 1583 1513 ,·
1612 1475 1703 1522 quia
1733 1487 1776 1512 ex
1796 1487 1896 1522 prae-

555 1525 679 1570 cipuo
712 1523 1046 1572 instituto-scholas
1067 1526 1214 1561 habent
1245 1535 1316 1570 pro
1332 1523 1566 1562 instruendis
1584 1549 1595 1567 ,
1618 1526 1654 1562 Sc
1673 1528 1890 1571 pl‘dfscl‘tlln

558 1575 608 1616 ad
646 1575 846 1622 pietatem
876 1576 1023 1624 puellis
1048 1589 1061 1615 2·
1106 1576 1143 1614 ἒς
1171 1575 1262 1623 quia
1293 1575 1508 1623 privilegia
1538 1603 1550 1621 ‚
1596 1577 1633 1615 ἃ
1663 1579 1891 1625 exemptio-

554 1639 629 1667 nes
645 1629 791 1667 habent
824 1628 1065 1666 monialium
1098 1627 1423 1665 Farnefianarum
1452 1651 1464 1670 ‚
1494 1641 1578 1679 quae
1607 1630 1890 1668 mendicantes

552 1680 644 1719 sunt
665 1709 673 1718 .
707 1680 1018 1727 Sepraeterhaec
1052 1691 1244 1729 pauperes
1275 1678 1348 1718 effe
1367 1705 1380 1724 ,
1412 1678 1477 1718 vix
1506 1680 1685 1719 reditum
1713 1683 1889 1721 habere)

553 1732 660 1771 unde
689 1732 726 1770 se
743 1734 852 1771 alant
870 1765 878 1773 .

501 1786 565 1824 De
579 1784 644 1821 III.
662 1795 805 1831 nempe
822 1787 870 1824 de
890 1785 1148 1823 sacramentis
1168 1783 1409 1831 recipiendis
1428 1795 1448 1822 a
1467 1788 1662 1832 parocho,
1683 1786 1889 1836 inquiunt,

554 1837 668 1875 suum
691 1837 844 1880 locum,
860 1838 1026 1886 suasque
1040 1837 1224 1884 personas
1242 1836 1469 1881 Apostolica
1487 1838 1731 1876 auts‘coritate
1751 1849 1890 1876 exem-

553 1897 642 1936 ptas
656 1889 730 1927 effe
749 1919 757 1926 .
791 1889 951 1928 Habere
972 1889 1178 1926 ecclesiam
1199 1915 1210 1932 ,
1232 1889 1364 1935 inqua
1383 1887 1677 1927 Sanc‘lillimum
1696 1888 1886 1928 Euchari-

548 1940 629 1978 stiae
649 1942 944 1980 sacramentum
981 1950 1178 1988 perpetuo
1196 1942 1376 1979 servatur
1406 1969 1414 1977 .
1448 1940 1607 1978 Habere
1632 1942 1885 1980 administros

559 2005 581 2030 a
613 1992 852 2033 protectore
883 1994 999 2031 datos
1019 2017 1030 2035 ‚
1069 1995 1244 2038 parocho
1277 1992 1342 2039 ipsi
1375 1991 1536 2039 ignotos
1575 2023 1583 2031 .
1633 1992 1747 2031 Nihil
1781 2005 1890 2030 nuuc

551 2044 699 2083 habere
720 2058 838 2093 agere
855 2047 1073 2093 parochum
1093 2069 1104 2086 ,
1132 2046 1242 2089 cujus
1258 2055 1402 2092 opera,
1430 2043 1527 2082 dum
1544 2046 1751 2083 ecclefiam
1772 2057 1868 2082 non„

554 2098 772 2140 habebant,
795 2097 1012 2136 neceffario
1034 2097 1248 2134 utebantur
1268 2124 1276 2134 .

502 2147 613 2186 Hinc
633 2149 680 2186 de
695 2149 764 2188 IV.
784 2148 962 2188 inferunt
981 2148 1090 2186 idem
1108 2150 1167 2193 jus
1184 2146 1261 2187 effe
1277 2177 1286 2185 .
1314 2146 1406 2186 Non
1425 2147 1560 2187 deberi
1579 2148 1759 2187 funebria
1777 2159 1886 2186 emo-

554 2201 740 2239 lumenta
760 2205 935 2250 parocho
952 2213 1021 2250 pro
1036 2201 1100 2244 iis,
1116 2213 1213 2250 quse,
1231 2201 1326 2238 dum
1344 2200 1531 2240 viverent
1547 2225 1558 2242 ,
1578 2202 1795 2248 parochum
1808 2212 1885 2237 non

559 2263 813 2300 agnoverunt
830 2284 838 2292 .

499 2303 564 2343 Ad
584 2307 633 2343 V.
664 2305 714 2344 de
741 2305 912 2344 decimis
933 2333 944 2351 ‚
974 2307 1012 2345 Sc
1040 2306 1132 2344 aliis
1160 2304 1530 2343 contributionilms
1571 2330 1583 2349 ‚
1612 2305 1760 2343 iterant
1800 2305 1884 2341 suas

559 2358 749 2404 personas
768 2384 779 2403 ,
812 2360 849 2397 8<
871 2360 936 2397 sua
957 2359 1055 2396 bona
1090 2367 1276 2405 exempta
1310 2355 1386 2394 esse
1407 2386 1415 2394 .
1449 2356 1645 2395 Praeterea
1679 2357 1886 2405 ignotam-³

557 2406 636 2445 effe
672 2410 792 2460 usque
811 2410 942 2448 adhuc
974 2411 1011 2447 in
1031 2410 1194 2448 dioecefi
1215 2409 1353 2447 Setina
1372 2409 1615 2447 solutionem
1633 2408 1886 2446 decimarum

559 2460 811 2506 praedialium
827 2493 835 2501 .
869 2461 1139 2500 Scitiffimum
1172 2459 1249 2500 effe
1281 2460 1423 2510 quanti
1444 2461 1577 2498 valeat
1609 2461 1752 2505 injure
1786 2473 1883 2497 con-

552 2510 724 2550 suetudo
751 2515 800 2553 de
821 2527 896 2553 non
916 2515 1121 2553 solvendis
1144 2513 1342 2552 decimis.
1377 2512 1548 2561 Reliqua
1569 2524 1615 2550 ex
1631 2513 1789 2560 scriptis
1824 2511 1883 2549 vi·-

557 2560 688 2599 denda
705 2565 795 2602 sunt
813 2596 822 2605 .

498 2609 656 2650 Contra
671 2627 769 2653 vero
790 2618 1007 2666 Episcopus
1027 2625 1255 2666 propugnat
1271 2614 1597 2655 cathedraticum
1617 2616 1753 2654 deberi
1772 2626 1881 2653 men-

550 2665 597 2703 [ae
617 2664 843 2717 Episcopali
862 2694 875 2713 ,
889 2672 1000 2715 juxta
1018 2678 1151 2708 taxam
1169 2667 1344 2707 Concilii
1361 2667 1531 2706 Romani
1549 2697 1559 2706 .
1589 2666 1768 2707 Unicum
1798 2679 1881 2704 con-

1817 2731 1880 2757 w·-
