1981 2964
131 181 270 222 Addit
288 184 329 223 se
345 187 667 233 accentisfimum
686 193 886 240 omnibus,
905 207 983 235 una
1004 208 1105 238 voce
1123 201 1169 239 ab
1183 204 1368 243 omnibus
1384 172 1516 253 postu}

179 235 318 274 latum
339 262 352 281 ‚
371 238 547 291 ideoque
563 243 775 283 utiliorem
792 247 977 287 futurum
995 274 1007 293 ‚
1043 264 1159 301 quam
1178 255 1325 295 invisus
1343 282 1355 299 ,
1385 269 1509 310 atque

181 297 353 328 exterus
384 295 538 332 inan.
567 297 614 342 de
642 296 811 347 Jurepat.
840 300 942 340 lib.2.
977 311 1052 351 cap.
1055 318 1095 348 9.
1127 319 1224 347 num.
1236 323 1248 346 1
1260 314 1295 348 8.
1323 310 1504 352 Monacel.

182 349 264 379 tom.
274 356 306 380 z.
328 347 385 380 tit.
398 358 411 380 1
423 357 456 387 5.
474 360 597 384 num.2
608 362 637 387 1.
660 349 744 389 Roc.
761 365 879 389 coram
891 356 1020 392 Burat.
1038 358 1175 405 deeifi5
1185 373 1201 402 5
1213 375 1244 399 1.
1263 369 1399 401 num.6.
1420 364 1506 405 Rot.

184 406 302 431 coram
318 394 486 443 Ansald.
504 399 613 448 decis:
623 407 709 447 269.
735 409 939 449 num.7.,&·
954 422 993 444 m
1007 408 1180 449 Fir-mana
1196 415 1423 453 parochialis
1442 422 1502 457 26.

183 445 296 492 Junii
323 461 336 484 1
348 460 367 492 7
374 458 392 490 5
402 463 435 488 2.
455 464 551 490 num.
564 465 620 500 14.
639 468 755 491 coram
767 456 852 494 Effzo
863 460 1002 497 M'olino
1018 490 1028 498 .

131 493 316 547 Utraque
345 497 630 542 communitas
658 516 800 546 contra
815 512 958 558 Baſsum
985 514 1125 561 populi
1158 517 1328 558 univerfi
1360 520 1502 559 odium

177 550 353 590 ostentat
368 583 377 592 .
411 553 531 592 Plura
546 579 558 599 ‚
590 556 626 594 Sc
656 557 693 595 in
721 559 810 603 jure
826 588 837 607 ‚
869 563 907 601 ἒς
935 563 972 601 iu
1001 563 1108 603 fafm
1138 568 1187 606 de
1217 572 1292 609 hac
1325 572 1508 621 indigna-

179 601 292 640 tione
314 627 327 646 ‚
356 606 394 644 Sc
410 604 505 642 odio
520 609 731 649 cumulats
758 614 919 651 causam
939 615 1045 659 justae
1063 620 1322 666 oppofitionis
1340 633 1476 663 narrat
1492 654 1503 664 .

174 652 311 692 Multa
353 654 392 694 in
422 655 541 697 illum
570 660 740 705 conjicit
764 692 774 701 .
817 665 880 703 De
912 673 1087 717 utroque
1122 675 1505 725 comparationem-2

172 702 273 743 facit
288 719 302 746 ‚·
320 709 434 747 suum
451 711 620 759 Groffium
634 713 913 762 ample-&itum
931 717 980 756 de
996 730 1046 756 eo
1062 721 1286 769 supplicat.
1316 725 1504 775 Longum

173 754 273 796 esset
314 767 502 809 repetere
533 788 548 809 ,
589 776 675 814 quae
721 776 767 811 ex
799 767 958 816 scriptis
989 770 1329 816 circumferendis
1359 779 1503 818 viden-

171 807 222 845 da
238 809 332 851 sunt
344 843 353 851 .

118 858 339 911 Episcopus
355 864 406 904 de
424 878 465 904 re
484 869 566 904 haec
583 867 686 907 dicit
705 897 714 907 .
745 869 849 909 Mihi
864 876 980 921 igitur
996 877 1184 927 utriufique
1208 880 1352 918 libratis
1369 888 1494 932 requi-

158 911 241 960 sitis
255 939 266 958 ,
286 917 522 966 qualitatibus
537 922 689 968 expensis
709 926 860 962 eundem
874 927 956 974 Basi
970 937 1090 977 utpote
1110 931 1298 979 dignorem
1316 959 1327 978 ‚
1355 936 1395 971 in
1414 937 1491 973 Do-

166 967 259 1002 mino
269 969 480 1017 praeeligere
511 972 630 1019 visum
640 973 718 1020 fuit
732 1000 743 1018 ‚
776 987 884 1027 atque
900 980 949 1015 ad
963 981 1008 1018 S.
1030 984 1162 1019 Sedem
1176 1009 1188 1028 ‚
1221 983 1367 1037 ejusque
1385 988 1497 1037 Apo-

155 1016 323 1064 stolicam
339 1023 535 1059 Datariam
550 1034 612 1073 pro
622 1030 749 1075 gratia
775 1034 961 1069 remittere
977 1034 1104 1070 datum
1120 1063 1131 1073 .
1164 1039 1226 1073 At
1243 1048 1369 1075 exorta
1396 1043 1492 1078 inter

162 1069 253 1116 ipsos
271 1076 480 1122 approbatos
495 1075 560 1113 lite
577 1100 588 1119 ‚
607 1092 717 1128 eaque
732 1082 780 1117 ad
793 1083 897 1130 istam
914 1084 1073 1123 Sacram
1087 1086 1407 1138 Congregationem
1425 1093 1492 1130 de·-

160 1121 269 1160 duila
286 1150 298 1169 ‚
313 1127 442 1174 excelsi
454 1125 530 1179 ejus
546 1130 706 1179 Senatus
724 1157 735 1176 ‚
753 1147 800 1170 an
815 1137 901 1172 bene
916 1150 979 1173 nee
998 1151 1040 1175 ne
1049 1136 1305 1190 judicaverim
1321 1144 1492 1192 ,sapien-
1517 1155 1520 1157 ’

161 1176 223 1212 tiae
239 1201 251 1220 ‚
273 1180 315 1220 ὠ·
329 1179 486 1227 censurae
500 1194 553 1219 me
560 1181 720 1235 subjicio
738 1214 747 1223 .
778 1187 879 1224 Illud
881 1189 1000 1237 solum
1017 1193 1107 1228 mihi
1125 1193 1311 1240 dicerefas
1325 1196 1375 1244 stt
1389 1220 1402 1239 ,
1422 1210 1490 1234 non

156 1231 429 1278 praecipitanter
443 1258 455 1276 ‚
473 1247 540 1270 non
555 1235 678 1285 aliqua
697 1239 946 1278 obumbratum
955 1245 1103 1290 paffione
1122 1268 1135 1287 ,
1158 1246 1229 1293 sed
1256 1251 1348 1284 omni
1367 1254 1488 1296 potius

161 1279 315 1318 humano
337 1285 532 1333 posthabito
563 1288 720 1337 respei‘z‘u
733 1315 746 1334 ‚
776 1293 924 1342 Deoque
941 1304 1082 1332 tantum
1089 1299 1275 1345 praeoculis
1304 1301 1424 1337 hal-ito
1441 1303 1490 1338 ad

162 1330 372 1384 hujusmodi
387 1338 666 1385 praeelefiionem
676 1345 878 1391 proceffiffe.
899 1347 1021 1395 Qm
1033 1358 1154 1386 autem
1169 1352 1260 1388 elifio
1279 1354 1488 1389 Secundino

162 1381 313 1433 ejusque
318 1389 474 1432 familiae
491 1415 504 1431 ‚
534 1394 577 1431 ὠ·
606 1392 772 1435 plurimis
789 1395 932 1438 insuper
948 1399 1086 1432 civibus
1118 1403 1304 1450 utriusque
1322 1404 1486 1441 Commu-

163 1437 296 1470 nitatis
314 1436 430 1483 isthaec
443 1438 672 1485 displicuerit
681 1442 878 1486 praeelefi’io
896 1469 907 1487 ‚
931 1445 1082 1493 sequens
1099 1452 1196 1485 inter
1213 1453 1298 1489 alios
1316 1456 1484 1494 declara-

157 1487 222 1520 vit
228 1485 408 1533 succeſjus
429 1515 437 1524 .
456 1489 660 1528 Nonnullis
677 1494 869 1541 transafiis
885 1497 1009 1533 diebus
1024 1522 1036 1541 ‚
1054 1501 1096 1541 a&
1106 1504 1322 1552 propriestub
1340 1508 1400 1542 die
1420 1522 1481 1553 19.

157 1532 321 1587 ejusdem
336 1539 552 1577 Decembris
569 1566 582 1586 ‚
599 1544 735 1591 viginti
751 1571 762 1590 ‚
799 1549 842 1590 &¹
857 1547 955 1586 ultra
972 1563 1051 1587 eum
1071 1552 1245 1591 difforum
1260 1556 1412 1594 locorum
1425 1562 1482 1596 ln·-

152 1589 211 1624 nis
225 1588 448 1636 Officialibus
462 1595 638 1633 Homines
657 1620 669 1638 ‚
704 1603 894 1637 turmatim
909 1615 1026 1639 eoram
1043 1617 1096 1641 me
1115 1631 1126 1650 ,
1158 1608 1394 1657 &fastidiose
1411 1638 1422 1656 ,
1439 1627 1483 1650 ne

153 1639 276 1677 dicam
296 1665 308 1686 ‚
326 1645 725 1697 impudenter-fessstere
739 1663 806 1688 non
820 1655 1038 1693 dubitarunt
1055 1681 1066 1701 ‚
1088 1660 1281 1709 precesque
1299 1676 1320 1698 a
1333 1667 1481 1703 circiter

152 1701 296 1730 centum
323 1695 406 1733 aliis
415 1697 639 1748 subscriptas
659 1710 725 1749 per
738 1717 825 1752 quas
842 1707 1035 1754 Ecclesiam
1055 1712 1303 1757 conferendam
1335 1718 1479 1753 eidem

150 1745 271 1793 Groffl
279 1771 292 1790 ‚
310 1760 378 1785 non
392 1760 512 1788 autem
523 1753 673 1800 praefato
689 1756 772 1803 Basi
787 1781 799 1801 ,
832 1767 953 1807 utpote
970 1774 1094 1798 eorum
1108 1777 1174 1800 non
1183 1776 1289 1812 grato
1308 1766 1476 1815 populis

147 1797 372 1845 postulabant
383 1803 591 1842 exhibentes
609 1834 620 1844 .
651 1808 725 1856 Ego
742 1821 826 1845 vero
842 1834 855 1854 ‚
890 1825 970 1849 cum
985 1811 1072 1864 jam
1095 1830 1168 1853 meo
1178 1818 1326 1863 sunffus
1337 1822 1476 1866 fuerim

150 1849 259 1897 officio
275 1875 289 1895 ,
315 1861 440 1900 preces
473 1855 626 1908 rejicere
639 1882 653 1902 ‚
681 1860 808 1909 easque
831 1876 849 1899 e
864 1877 937 1902 meo
952 1867 1142 1906 dimittere
1169 1871 1345 1918 conspefiu
1357 1875 1476 1922 paffus

142 1903 208 1948 fui
226 1931 235 1940 .
264 1905 342 1941 Sed
354 1909 444 1956 quid
459 1907 480 1945 ,Ρ
494 1911 620 1961 Iniquo
636 1916 752 1949 animo
765 1914 860 1951 talia
877 1917 1038 1963 ferentes
1054 1943 1066 1963 ‚
1094 1921 1295 1969 petulantes
1314 1950 1325 1969 ,
1357 1927 1476 1974 disce-2

150 1954 277 1992 dentes
291 1979 304 2000 ‚
323 1961 434 1997 verba
446 1965 604 2000 minacia
615 1966 838 2012 proferentes
853 1993 864 2012 ‚
875 1970 1062 2019 gestusque
1077 1974 1291 2014 inhumanos
1309 1989 1469 2016 contra-.-

145 2007 231 2056 Bafi
236 2016 446 2060 peragentes
462 2039 474 2059 ‚
492 2026 665 2064 qrcatenus
679 2016 860 2067 eeclesiam
876 2022 1081 2071 obtinuiſjlet
1094 2039 1147 2062 eos
1165 2029 1334 2065 videbam
1352 2056 1363 2074 ,
1381 2033 1472 2068 adeo

143 2069 187 2096 aet
205 2068 330 2108 preces
359 2063 444 2102 illas
474 2072 586 2117 recipi
612 2072 651 2105 in
668 2084 744 2107 mea
762 2073 993 2110 Cancellaria
1027 2078 1160 2125 confilii
1178 2081 1257 2115 boni
1280 2084 1467 2128 pretium,

143 2112 332 2160 duxerim,
347 2121 464 2156 animo
479 2120 602 2159 isthaec
609 2121 737 2170 statim
751 2124 1022 2171 transmittendi
1034 2128 1069 2163 E
1070 2134 1121 2165 sizo
1138 2132 1216 2168 SS.
1236 2134 1286 2169 D.
1299 2136 1358 2172 Ν.
1378 2137 1466 2173 Pro-

143 2164 290 2201 datario
302 2177 368 2215 per
385 2183 439 2208 me
453 2176 491 2210 in
509 2175 604 2211 vrbe
621 2179 764 2223 negotia
773 2187 960 2224 gerentem
978 2181 1197 2219 exhibendas
1214 2213 1223 2221 .
1246 2183 1388 2226 Placet
1407 2190 1467 2226 hic

143 2216 269 2265 aliqua
276 2220 485 2268 fiibtexere5
502 2239 579 2275 κίκι·
590 2240 656 2265 non
670 2231 867 2276 incongrua
880 2235 1018 2278 negotio
1033 2233 1101 2281 effi’
1116 2236 1289 2273 videntur
1303 2267 1312 2276 .
1329 2239 1377 2275 A
1393 2241 1466 2277 lon-

137 2281 184 2316 go
195 2267 279 2321 jam
295 2282 446 2322 tempore
459 2279 499 2314 in
516 2280 637 2316 eodem
654 2282 794 2330 Oppido
811 2281 1170 2333 Palatiolipraediffffa
1187 2288 1338 2333 familia
1356 2293 1471 2340 Groffi'

141 2322 238 2359 inter
259 2327 476 2375 principales
493 2353 505 2372 ,
528 2331 691 2381 statisque
717 2336 916 2372 commodas
948 2340 1168 2375 numeranda
1185 2364 1197 2384 ,
1227 2342 1364 2389 diffidia
1379 2368 1391 2387 ‚
1422 2347 1465 2387 ξφ

133 2372 334 2418 simultates
364 2392 442 2416 cum
474 2383 684 2431 quibusdam
701 2409 714 2428 ‚
745 2390 967 2435 caeteroquin‘
978 2393 1102 2436 paucis
1113 2391 1271 2436 familiis
1297 2398 1460 2441 patitur,

139 2427 266 2474 quibus
297 2443 361 2466 nec
386 2440 453 2479 per
461 2434 652 2482 pastoralia
669 2435 778 2483 officia
795 2461 807 2479 ,
841 2451 907 2475 nec
918 2448 983 2487 per
995 2440 1292 2489 Mffionariorura
1321 2446 1462 2491 zelum,

141 2489 204 2515 nee
215 2488 280 2527 per
295 2485 490 2521 amicorum
497 2494 616 2533 partes
625 2487 685 2534 fa:
695 2488 775 2534 fuit
792 2489 943 2526 obviare
955 2520 964 2529 .
982 2493 1234 2538 Hincfafi't'um
1247 2521 1259 2539 ‚
1276 2497 1323 2544 est
1336 2523 1348 2542 ‚
1366 2501 1461 2547 quod

144 2531 198 2562 mi
215 2543 335 2569 eontra
351 2536 557 2582 desunfium
575 2540 776 2577 Paroehum
788 2542 1041 2588 praetendentis
1060 2545 1239 2583 Patruum
1256 2573 1269 2591 ‚
1300 2551 1354 2586 ita
1383 2566 1464 2588 con-

145 2587 203 2615 tra
216 2583 304 2621 hunc
321 2587 454 2624 malum
466 2589 593 2634 fovent
608 2595 766 2629 animum
781 2615 793 2634 ‚
825 2593 941 2641 ipsum
961 2596 1126 2644 recusant
1137 2622 1150 2640 ‚
1184 2614 1224 2637 ac
1239 2602 1322 2648 Bast
1338 2605 1465 2642 adhae·

140 2640 222 2666 rent
239 2660 249 2670 .
275 2635 367 2676 Non
387 2639 706 2691 inopportunum
720 2651 835 2691 erat,
869 2654 914 2684 ut
932 2656 1028 2688 ante
1058 2650 1200 2690 oculos
1231 2655 1315 2693 haec
1333 2657 1457 2695 habe-

151 2692 294 2722 YCHI'UI‘
313 2715 322 2725 .

203 2736 301 2775 Tam.
317 2740 504 2785 XXXIV.
818 2752 822 2760 ³
840 2748 881 2790 A
937 2765 957 2791 2
1381 2759 1458 2810 Sy-
