1981 2964
1456 111 1508 146 75

173 158 222 200 ό·
248 168 284 202 7.
311 163 454 204 part.9.
486 162 610 190 tonna.
643 149 794 190 Recent.
814 174 826 195 ‚
874 151 918 194 ἐν
943 162 1063 190 corant
1103 150 1237 190 Molin.
1266 149 1501 198 decifi1276.
1553 153 1565 160 “

176 207 296 246 nu‘ma
309 221 342 245 1.
358 231 370 250 ‚
398 209 440 250 &¹
463 218 521 245 12.

121 261 302 301 Domum
321 257 517 298 accedere
545 257 745 301 judicium
763 255 953 303 patroni,
986 254 1055 306 qui
1076 254 1355 305 interrogatus
1373 282 1387 302 ‚
1415 256 1496 297 dt,

174 311 460 351 nominatione
490 308 597 348 fasta
626 311 782 348 nullam
801 309 1015 360 querelam
1034 307 1187 355 profert
1206 334 1218 353 ‚
1267 308 1350 347 imo
1378 309 1496 348 illam

175 365 388 404 confirmat
403 389 417 408 ‚
456 375 502 402 ac
522 362 752 411 legitimam
768 360 880 401 fuiffe
911 359 1045 400 alserit
1076 373 1122 399 ex
1138 361 1256 408 ipsius
1286 361 1490 400 testatoris

172 425 315 455 mente
332 439 344 459 ‚
361 415 431 467 qui
449 424 608 454 exteros
626 412 829 454 exclusisse
848 413 1030 458 videtur,
1048 426 1125 453 non
1143 424 1229 457 eos,
1244 413 1375 463 quiex
1397 425 1495 463 agro

175 468 388 517 Eugubino
405 467 495 506 sunt
513 496 523 506 .
555 466 766 506 Accedere
783 466 983 513 judicium
1001 466 1217 505 Ordinarii
1234 491 1247 509 ‚
1278 466 1347 516 qui
1363 466 1498 505 nomi·

175 521 389 560 nationem
422 519 582 557 admifit
602 543 615 561 ‚
647 519 812 567 ejusque
835 519 1008 558 titulum
1027 518 1267 565 patrimonii
1300 530 1371 565 pro
1390 519 1499 558 sacro

175 573 321 612 ordine
337 581 470 611 ratum
489 570 631 609 habuit
648 595 662 614 ‚
687 570 755 621 qui
774 570 1023 612 etiamnunc
1038 570 1119 609 rite
1135 570 1242 609 fasta
1260 571 1397 611 omnia
1416 569 1494 611 esse

178 625 317 664 censet
341 653 351 664 .

129 676 259 717 Addit
277 702 288 720 ‚
306 683 453 723 praeter
470 685 592 713 vanos
610 685 793 716 rumores
811 702 825 722 ‚
856 675 1141 725 sermonesque
1157 672 1349 722 vulgares
1369 674 1498 713 incer-

179 738 242 767 tos
258 753 270 771 ‚
291 727 441 765 nullius
457 726 642 765 auditam
657 727 866 772 injudicio
884 729 1094 780 querelam
1110 754 1123 773 ‚
1153 726 1304 766 nullius
1323 726 1385 771 jus
1404 737 1497 765 cer-

176 789 264 819 tum
285 779 376 817 laedi
392 804 405 818 ο
434 778 714 828 Qamobrcm
745 782 892 821 saltem
912 782 1079 831 dignum
1095 777 1172 819 effe
1193 804 1204 823 ,
1228 787 1274 817 ut
1300 780 1376 818 hoc
1404 777 1497 816 casu

173 831 315 871 omnia
331 841 416 870 rata
433 833 661 870 habeantur
678 856 691 876 ‚
720 845 767 872 ac
794 834 1085 874 confirmentur
1099 830 1333 879 Apostolica
1356 831 1498 870 aucto·

175 884 301 923 ritate
319 910 331 929 ‚
349 884 462 923 sueta
481 883 657 922 lenitate
681 887 902 930 canonica,
922 884 1233 932 &indulgentia
1252 910 1262 921 .

126 934 347 986 Episcopus
364 936 468 976 dicir
484 948 493 974 ε
519 940 683 987 quamvis
701 943 794 976 enim
807 939 978 986 praefatus
993 936 1138 984 testator
1147 936 1358 982 praeceperit
1373 933 1494 982 capel-

175 988 290 1026 lanias
316 989 397 1038 fore
425 990 652 1037 conferendas
671 990 920 1037 sacerdotibus
955 990 1120 1027 civitatis
1136 988 1334 1034 Eugubinae
1349 1011 1362 1028 ‚
1391 999 1496 1025 non..

177 1054 233 1078 eos
261 1052 381 1079 tamen
396 1068 408 1088 ,
438 1056 501 1081 nec
525 1041 684 1091 expreffe
699 1069 712 1088 ,
741 1058 805 1082 nec
835 1047 947 1082 tacite
958 1041 1106 1088 exclusit
1121 1064 1134 1083 ‚
1167 1042 1230 1088 qui
1257 1040 1296 1075 in
1311 1040 1500 1075 territorio

175 1103 293 1131 ortum
301 1095 486 1144 duxiffent
500 1120 513 1140 ‚
527 1096 694 1145 quocirca
711 1098 759 1133 ad
770 1097 849 1147 istos
866 1108 1001 1147 quoque
1011 1091 1075 1145 jus
1094 1091 1273 1129 elefzionis
1288 1092 1417 1138 paffive
1433 1103 1501 1128 ex·-

175 1148 278 1184 tendi
291 1149 464 1191 videtur,
491 1147 645 1196 cumsub
661 1153 798 1188 nomine
809 1151 974 1189 civitatis
987 1148 1113 1186 veniat
1128 1148 1240 1184 etiam
1251 1144 1499 1189 territorium,

128 1247 136 1253 ‚
178 1200 337 1238 maxime
351 1204 388 1238 in
400 1200 671 1248 favorabilibus
689 1231 700 1241 .

130 1252 263 1301 Atque
288 1255 343 1288 ita
358 1252 448 1306 jure
457 1255 659 1304 putandum
674 1257 722 1306 est
741 1259 905 1306 Mafflum
922 1257 1061 1295 cimam
1073 1263 1263 1303 patronum
1274 1252 1501 1301 patritium.»

182 1305 423 1353 Cingulanum
447 1314 596 1345 mentem
617 1309 725 1355 suam
746 1312 903 1357 opinioni
931 1309 1124 1344 Doft'orum
1139 1328 1152 1347 ,
1190 1308 1235 1348 ὠ·
1259 1307 1381 1342 Sacrae
1399 1305 1503 1340 Rotae

183 1357 414 1403 conformaffe
441 1369 454 1393 t
493 1361 536 1394 de
562 1357 766 1409 hujusmodi
794 1371 945 1407 namque
970 1356 1183 1403 discrimine
1212 1358 1341 1391 certior
1376 1354 1503 1400 futla&

177 1415 241 1456 per
257 1407 380 1444 literas
398 1433 410 1452 ‚
435 1418 546 1454 nuper
562 1410 787 1457 significavit
801 1408 1031 1454 collationem
1043 1406 1249 1455 capellaniae
1272 1406 1407 1452 favore
1417 1417 1502 1442 ora·

179 1461 266 1496 toris
291 1462 362 1497 rite
389 1461 459 1506 ase
470 1464 650 1509 perat-lam
668 1461 735 1506 effe
752 1485 765 1503 ‚
798 1472 984 1508 ratamque
1000 1459 1100 1496 modo
1130 1459 1260 1494 habere
1275 1482 1287 1501 ‚
1316 1471 1380 1494 nec
1396 1458 1502 1507 quid·-

175 1512 277 1559 piam
289 1525 309 1546 a
328 1511 512 1548 voluntate
526 1512 702 1553 testatoris
721 1511 908 1562 deflexiffie
922 1535 935 1556 ‚
962 1514 1024 1560 qui
1037 1519 1183 1547 eatenus
1190 1508 1398 1557 sacerdotes
1415 1522 1502 1546 tan-

176 1563 355 1598 tummodo
386 1565 548 1600 civitatis
574 1565 774 1612 Eugubinae
801 1564 1029 1602 nominandos
1060 1560 1181 1599 voluit
1193 1586 1206 1605 ‚
1251 1570 1294 1597 ut
1318 1561 1499 1598 videlieet

175 1614 367 1662 praedifins
382 1623 553 1663 patronus
569 1628 707 1653 exteros
722 1639 734 1659 ‚
765 1619 973 1665 &proprios
989 1616 1149 1653 concives
1165 1621 1336 1663 perpetuo
1364 1614 1409 1652 ab
1422 1612 1501 1664 ipfh

182 1667 345 1715 testatore
363 1667 641 1715 exclusos-juill}
659 1677 779 1717 aperte
797 1667 1020 1716 intelligeret
1039 1696 1048 1705 .

132 1715 319 1756 Testator
333 1718 444 1764 jussit
459 1731 467 1756 ε
492 1721 555 1758 che
570 1719 599 1756 li
614 1721 810 1769 cappellani
824 1722 951 1759 abbino
985 1721 1033 1757 da
1045 1718 1135 1767 effer
1144 1721 1265 1756 nativi
1278 1717 1319 1754 di
1333 1718 1477 1757 G'ubbio
1488 1745 1500 1756 .

131 1768 332 1818 Ulpianus
350 1770 451 1808 dixit
469 1783 479 1809 ζ
508 1773 613 1810 vrbis
629 1773 819 1822 appellatio
843 1777 954 1811 muris
973 1795 986 1816 ‚
1006 1773 1127 1810 Romae
1141 1781 1262 1808 autem
1280 1772 1498 1808 continenti-

181 1825 244 1862 bus
274 1822 435 1868 aedificiis
455 1824 594 1869 finitur
613 1850 626 1869 ,
664 1827 757 1876 quod
785 1826 896 1863 latius
920 1834 1020 1874 patet
1038 1852 1048 1862 .
1076 1823 1141 1863 l.2.
1172 1824 1219 1861 de
1244 1826 1341 1863 verb.
1364 1820 1494 1871 signifi

178 1875 411 1915 Herennius
429 1877 512 1925 :qui
525 1878 566 1914 in
580 1879 837 1916 continentibus
856 1879 963 1916 vrbis
979 1879 1058 1916 nati
1063 1877 1153 1927 sunt
1170 1901 1184 1922 ‚
1213 1874 1337 1914 Romae
1353 1876 1432 1912 nati
1445 1876 1501 1912 in·-

181 1928 398 1977 telliguntur
411 1927 436 1969 l.
448 1941 535 1977 147.
556 1930 634 1970 eod.

130 1977 208 2021 Sed
223 1981 336 2020 aliud
349 1980 439 2020 sunt
453 1981 712 2022 continentia
728 2006 741 2025 ‚
759 1984 797 2023 ἓ(
812 1983 979 2024 aedificia
997 1980 1165 2022 civitati
1186 1979 1398 2030 contigua,
1414 1991 1503 2028 quae

177 2032 361 2072 suburbia
376 2032 567 2073 dicuntur
584 2059 597 2078 ‚
623 2035 736 2073 aliud
755 2037 846 2085 pagi
866 2063 877 2082 ‚
895 2036 1004 2075 villae
1020 2058 1034 2078 ‚
1063 2032 1294 2081 vicipagani
1311 2060 1321 2070 .
1354 2030 1502 2078 Ulpia-

178 2097 252 2125 nus
283 2084 393 2124 idem
416 2085 497 2123 ait:
525 2090 586 2136 qui
602 2100 648 2124 ex
664 2089 745 2125 vico
772 2099 872 2127 ortus
889 2089 962 2138 est,
990 2099 1069 2124 eam
1097 2088 1258 2134 patriam
1270 2082 1496 2131 intelligitur

177 2138 310 2177 habere
327 2163 340 2181 ‚
356 2141 414 2175 cui
432 2137 654 2187 Reipublicae
669 2143 772 2179 vicus
788 2141 852 2178 ille
866 2141 1050 2189 respondet
1065 2138 1089 2175 l.
1096 2150 1161 2179 30.
1175 2137 1225 2173 ad
1240 2137 1409 2185 municip,
1427 2160 1440 2180 ‚
1458 2135 1503 2178 ὠ·

178 2191 224 2228 de
239 2189 416 2229 incolumi
432 2189 672 2229 Gloss.natus
689 2196 727 2229 in
742 2203 842 2231 terra
859 2195 982 2231 Butrii
998 2191 1138 2228 dicitur
1153 2190 1245 2227 civis
1259 2185 1366 2240 hujus
1380 2197 1505 2232 terrlo

183 2256 264 2282 cum
279 2242 346 2280 ,illa
363 2242 567 2289 Butriisub
583 2244 649 2280 hac
663 2246 818 2282 civitate
823 2247 872 2295 fit
888 2269 901 2288 ‚
918 2255 960 2282 ut
978 2240 1163 2291 Virgilius
1176 2242 1402 2278 Mantuanus
1417 2239 1505 2277 licet

182 2308 229 2333 ex
242 2299 320 2334 vico
337 2294 412 2345 ejus
423 2293 571 2343 scilicet
595 2293 753 2344 Pleffofia
772 2297 893 2343 fuerit
905 2307 1000 2334 ortus
1012 2324 1022 2333 .
1055 2293 1115 2333 Cu
1120 2292 1249 2339 jacius
1266 2296 1304 2329 in
1321 2293 1424 2332 lib.8.
1443 2305 1502 2329 re·

175 2347 290 2396 spons:
320 2350 450 2397 Papin.
479 2347 527 2383 ad
543 2346 638 2392 l.77.
667 2348 712 2383 «le
740 2347 850 2395 lega.
870 2356 905 2391 ς.
922 2349 1051 2385 ultimo
1068 2348 1151 2383 ait:
1179 2347 1256 2382 vici
1272 2345 1427 2392 constant
1453 2354 1502 2382 ex

180 2400 280 2437 villis
297 2402 337 2437 di
346 2400 524 2446 versorum
538 2400 718 2435 hominum
731 2423 743 2442 ‚
763 2401 857 2447 quod
868 2399 1076 2448 plerumque
1098 2398 1174 2445 sint
1207 2395 1348 2443 castello
1367 2396 1500 2433 Domi-

184 2454 222 2487 ni
239 2453 384 2500 insignes
400 2478 412 2496 ‚
429 2455 540 2488 etiam
555 2450 696 2498 castella
712 2460 887 2488 vocantur
903 2479 913 2489 .
948 2450 1130 2497 Pagarum
1157 2445 1350 2495 appellatio
1381 2445 1498 2487 latius

178 2511 308 2552 patet,
334 2515 374 2541 ut
401 2516 481 2542 cum
509 2503 628 2551 Cesar
642 2503 862 2541 Helvetium
889 2505 942 2539 ait
960 2499 1072 2548 suiffe
1100 2498 1259 2547 divisam
1286 2500 1326 2538 in
1339 2510 1496 2550 quatuor

176 2554 427 2604 pagos.Vicus
443 2567 619 2605 paganus
637 2554 799 2603 propria
817 2552 1109 2604 significatione
1125 2551 1268 2602 est‚qui
1285 2563 1306 2590 a
1321 2552 1497 2595 civitate

175 2619 262 2646 non
292 2607 452 2646 modico
474 2607 605 2656 spatio
636 2616 819 2649 remotus
835 2631 848 2653 ,
880 2606 1062 2657 pluribus
1077 2603 1286 2645 rusticanis
1313 2602 1502 2648 domibus

184 2658 413 2704 conjunctis
430 2661 580 2701 constat
595 2689 605 2702 .

238 2712 342 2751 eom.
361 2712 550 2760 ΧΧΧΙΡῘ.
971 2709 1011 2747 1<
1448 2707 1516 2750 ut
